2525 3933
1102 728 1517 841 PART I.
505 934 2109 1070 PREFACE TO THE ENGLISH
500 1080 2104 1190 MADRIGAL SCHOOL SERIES.
419 1298 2315 1426 LTHOUGH this essay was originally written in the
537 1411 2318 1502 form of a Preface to the first four volumes of the
309 1454 517 1529 P
615 1499 2300 1590 English Madrigal School ” series, it may never¬
299 1580 2313 1675 theless serve as a guide to the entire series now that it
311 1655 2318 1765 is completed. The main principles laid down at the
301 1733 2308 1848 outset have, with certain exceptions of minor import¬
309 1826 2318 1914 ance, been consistently followed throughout the series.
301 1906 2320 2017 A thorough grasp of these principles is indispensable
311 1984 2313 2097 for a clear understanding of this Edition as well as for
316 2074 2315 2162 its practical use, more especially in reference to the
306 2147 2315 2248 methods employed for indicating the true rhythmic
314 2243 2313 2366 outline, which frequently runs counter to any regular
311 2323 969 2428 system of barring.
437 2396 2318 2499 Since this Preface was written, in the year 1913, the
316 2486 2315 2597 whole subject of the English Madrigal has been fully
316 2577 2323 2662 treated in the Editor's English Madrigal Composers
324 2652 2318 2740 (Clarendon Press), and more summarily in his The
316 2740 2318 2830 English Madrigal (Clarendon Press, World’s Manuals
316 2825 2318 2953 series), while the lyrics were collected and issued complete
321 2898 2022 3014 in his English Madrigal Verse (Clarendon Press)
447 2973 2320 3079 There can be little doubt that the English Madrigal
324 3066 2318 3169 writers of the Elizabethan and early Jacobean period
321 3147 2315 3240 constitute our finest School of national composition.
326 3229 2320 3317 This was the period during which, according to Thomas
321 3315 2318 3453 Morley himself, anyone unable to take part at sight in a
324 3393 2318 3483 Madrigal or in a consort of viols, was considered to
316 3476 2235 3616 fall below the standard of a gentlemanly education.
