2525 3933
288 272 2195 462 THE ENGLISH MADRIGAL SCHOOL
361 482 2245 598 The popularity of the Madrigal was widespread, and
232 595 2237 691 numerous composers were encouraged to publish their
240 679 2243 777 works, which in some cases passed through two and
217 754 2245 848 Leven three editions. The publications were made in
230 848 2225 954 sets, which generally included upwards of twenty com¬
230 931 2245 1029 positions, the music being printed in separate part-books
230 1014 1589 1128 and not in score as in modern times.
351 1082 2243 1196 In the course of the seventeenth century the
232 1168 2240 1279 popularity of musical accomplishment decayed, partly as
227 1254 2243 1344 a consequence of the Civil War, and partly owing to the
237 1337 2232 1433 hostile influence of religious fanatics. The musical revival
227 1428 2243 1536 ofthe latter years of that century centred round the genius
230 1511 2237 1602 of Henry Purcell, but the taste of that period demanded
232 1589 2240 1708 the more florid style of composition, and this fact
227 1677 2235 1766 incidentally militated against the revival of an interest
222 1756 2243 1846 in the great works of the polyphonic School. So it
230 1831 2245 1937 came about that Elizabethan Madrigals remained in
227 1922 2243 2036 practical oblivion for a prolonged period. The tradition
227 2003 2243 2099 of madrigal-singing was nevertheless kept alive by a
217 2086 2237 2182 few enthusiasts in each succeeding generation, and
225 2169 2232 2265 much credit is due to the Madrigal Society, founded in
225 2258 2225 2369 London in 1741, for keeping alive the taste for singing
225 2338 2230 2442 the music of this School—though even this society
225 2427 2232 2510 almost perished at one time for lack of sufficient support.
230 2502 2232 2601 The Hibernian Catch Club, founded in Dublin in 1680,
217 2586 2225 2707 is now probably the oldest musical association in Europe,
217 2669 2137 2780 and at this Club Madrigals still continue to be sung.
353 2737 2230 2840 The nineteenth century saw a considerable revival
373 2830 2225 2926 the cultivation of the Elizabethan Madrigal.
212 2777 318 2931 in
240 2921 2235 3002 W. W. Holland and W. Cooke reprinted some complete
227 2999 2230 3090 sets in the early years of the century, and these were
217 3085 2232 3191 shortly followed by W. Hawes’s complete edition of
323 3161 2220 3259 The Triumphs of Oriana and J. S. Smith’s collection,
217 3234 2235 3362 entitled “ Musica Antiqua , while in the middle of
217 3325 2222 3418 the century the Musical Antiquarian Society did good
217 3408 2220 3504 work in reprinting some of the music of this School.
212 3489 2222 3637 But, unfortunately, the ideas which prevailed at the
