2525 3933
560 281 2032 467 PREFACE TO THE SERIES
306 477 2320 605 time of all these publications as to the liberty of editors
316 598 2318 711 to tamper with the original text render them of small
316 681 2315 776 value in the present day. Besides these and other
311 761 2318 869 publications, a considerable number of isolated specimens
314 844 2315 947 of the work of all the great Madrigalists were reprinted
309 934 2318 1022 during the century, and latterly work of great artistic
314 1017 2320 1102 value has been done by Mr. Godfrey Arkwright, who
301 1095 2308 1205 reprinted some complete sets, and also by Mr. Barclay
311 1180 2318 1291 Squire and others; while Mr. Lionel Benson, in addition
316 1258 2313 1386 to other publications, edited the whole of Morley's
314 1336 947 1444 Oriana collection.
437 1416 2318 1537 The effect has been that at the beginning of the
309 1507 2315 1615 twentieth century the Madrigal enjoyed a popularity
306 1592 2315 1708 in this country such as it had not known for practically
316 1680 683 1773 300 years.
437 1745 2313 1846 The present edition, in thirty-six volumes, represents
301 1828 2320 1929 the first attempt to produce a complete corpus of the
314 1916 2320 2009 works of the great English Madrigalists. It should be
309 2001 2315 2114 understood that every Madrigal in these volumes can
301 2082 2320 2172 be obtained separately. The Editor’s task has been
309 2162 2315 2268 strictly confined to those Madrigals which were issued
301 2253 2303 2368 in printed sets in the lifetime of these composers.
309 2335 2315 2426 Apart from these, a comparatively small number have
309 2416 2305 2509 survived in manuscript part-books : few of these are
301 2494 2308 2604 of first-rate importance, and the collection and editing
306 2584 2305 2687 of them should be undertaken as a separate enterprise.
316 2662 2315 2752 The works of Martin Peerson are of late date and are
306 2752 2313 2840 not strictly madrigalian, being mostly duets and songs
301 2833 2308 2923 accompanied by viols and concluding with short choruses.
301 2921 2313 3006 Similarly, the so-styled Madrigals of Walter Porter are
311 2986 2308 3084 not in a true sense madrigalian and also lie outside
309 3066 2305 3187 the scope of the present series. Yet the sets of Peerson
309 3152 2308 3292 and Porter ought certainly to be edited and published.
314 3234 2300 3340 The rather feeble “fa-las of John Hilton, the younger,
309 3327 2308 3418 were published complete and in score by the Musical
306 3415 2303 3533 Antiquarian Society, and a further Edition of these
309 3491 1462 3601 does not seem to be called for.
