2525 3933
219 295 2132 456 THE ENGLISH MADRIGAL SCHOOL
305 471 2187 587 There are certain features in the present Edition
174 595 2175 683 which call for explanation at some length ; these may
169 670 1608 771 be grouped under the following heads
290 748 1376 869 1. Clefs and Voices employed.
1537 738 2079 854 Repeat marks.
292 827 673 932 2. Words.
1542 834 2137 937 Time-signatures.
323 905 829 1018 3. Expression.
1535 912 2109 1041 Key-signatures.
292 993 1184 1116 4. Rhythm and Barring.
1436 935 1993 1099 8. Accidentals.
834 1076 1550 1187 9. Pianoforte Score.
386 1298 1961 1414 I.—CLEFS AND VOICES EMPLOYED.
300 1489 2192 1588 It is evident from the variety of clefs selected by the
171 1572 2180 1666 Madrigal writers, as well as from the deliberate limita¬
184 1663 2202 1759 tions of compass which they sometimes impose on the
184 1741 2192 1835 voice-parts, that they had a strong feeling not only for
184 1827 2197 1915 differentiating the ordinary four classes of voice, but
176 1905 2202 2008 also for appreciating the variety of compass controlled
176 1993 2180 2092 by singers within the limits of each class. Consequently
179 2066 2112 2160 they provided suitable music for all ranges of voice
179 2147 2187 2250 including occasionally those of very limited range—and
179 2240 953 2346 also wrote for many
983 2235 2190 2328 different combinations of voices.
184 2316 1003 2412 In this way they met
1026 2321 2197 2422 the needs of almost any casual
181 2404 922 2497 gathering of singers
975 2409 2182 2495 -a feature not without its advan¬
192 2480 2187 2573 tages in our own day, particularly in country districts.
189 2565 2195 2664 In modern four-part vocal music the combination of
252 2651 2190 2737 S.A.T.B. is so very general—except, of course, when
176 2739 2190 2825 male or female voices are being employed alone—that
184 2820 2192 2913 too great a tendency has been shown by Editors of
181 2895 2195 2996 Madrigals to squeeze the original combinations into the
244 2986 2195 3067 S.A.T.B.” mould, as a matter of necessity, by means
189 3057 2185 3163 of transposition. This method often involves further
189 3147 2195 3248 difficulties of compass in the inner parts, and these
179 3238 2180 3342 difficulties are sometimes surmounted in their turn by
189 3314 2190 3410 tampering with the original part-writing without a word
184 3397 2175 3490 of explanation. Transposition may reasonably be em¬
184 3488 2190 3611 ployed in certain cases at the discretion of a conductor
