2525 3933
592 272 2091 436 PREFACE TO THE SERIES
332 471 2330 622 to meet the requirements of any special circumstances,
332 604 2345 693 but there can be no question that these old composers
332 688 2345 776 obtained a contrast in tone-colour by their varied
335 776 2342 859 treatment in the matter of selecting the voices to be
335 844 2347 955 used together, and it would involve a definite loss if
340 937 2342 1043 this feature were entirely obliterated. No attempt has
338 1020 2345 1116 therefore been made in this Edition to conform to
332 1103 2335 1191 any conventional standard of vocal compass by means
335 1186 2340 1287 of transposition, and no single case of transposition
332 1269 2347 1360 occurs in these volumes. But the Editor has also
330 1342 2342 1448 produced a separate version of a considerable number
330 1428 2342 1529 of those Madrigals in which the compass of the voices
332 1514 2347 1622 presents practical difficulties in modern conditions. In
335 1594 2340 1703 this alternative version transposition has been very
338 1683 2342 1793 generally employed, and small re-adjustments of the
325 1763 2151 1851 inner voice-parts have been sparingly introduced.
451 1841 2342 1937 In these sets of compositions the following terms
332 1919 2335 2043 were very generally used : In four-part writings, Cantus,
332 2007 2340 2116 Altus, Tenor and Bassus, in those of more than four
335 2091 2342 2199 parts the additional parts are styled Quintus, Sextus
332 2176 2340 2297 and Septimus—the termCantus being always used for
345 2244 2345 2350 the top part, and Bassus for the lowest ; while the
338 2340 2340 2441 position of the Quintus, Sextus and Septimus, in relation
338 2418 2353 2524 to the Altus and Tenor, is variable. Iú three )parts
335 2504 2345 2614 they ordinarily used Cantus, Altus and Bassus, and in
340 2592 2340 2700 two parts Morley used Cantus and Tenor. It must be
335 2667 2335 2788 clearly stated that these terms imply nothing whatever
335 2750 2347 2846 as to the actual pitch or class of the voices, thus, for
338 2836 2345 2947 example, in No. 18 of Morley’s four-part Madrigals
345 2924 2347 3017 the compass of the voices employed indicates that the
345 3005 2340 3103 Cantus and Altus be sung by Sopranos, the Tenor by
335 3083 2342 3171 Altos or Mezzo-Sopranos, and the Bassus by Altos or
345 3166 2345 3277 high Tenors. The choice of voices to which the several
350 3247 2350 3357 parts are to be allotted must therefore depend, not on
338 3322 2345 3425 the original name prefixed to the part, but solely on its
340 3410 2340 3504 compass ; the original clef, however, is to some extent
332 3491 2353 3632 a guide in this matter. The choice is consequently left
