2525 3933
212 237 2142 444 THE ENGLISH MADRIGAL SCHOOL
164 457 2174 593 entirely to the discretion of the conductor, who must
159 578 2174 671 consider each case on its merits and with reference to
161 661 2169 774 the material at his disposal—an important consideration
159 752 2172 853 depending upon whether men's, women’s, or boys' voices
159 832 2174 926 are available for the Alto part. The choice suggested
172 918 2174 1004 by the Editor himself, and prefixed to each number, is
156 996 2172 1100 in no sense binding. The original name of each part is
161 1087 2179 1191 printed in brackets below the Editor’s suggestions as to
172 1160 2174 1269 voice; and the original clefs, together with the compass
156 1241 2172 1342 of each part, are also printed at the beginning of every
154 1324 2177 1425 composition, the compass being given in terms of the
154 1410 2177 1503 modern clefs, adopted in the text in conformity with the
151 1498 1327 1594 requirements of modern singers.
878 1733 1413 1852 II.—WORDS.
277 1884 2169 1998 The Elizabethan spelling of the words has not
156 1990 2172 2081 been followed in this Edition, although a considerable
156 2076 2172 2195 charm may thus have been sacrificed ; yet it was felt
156 2169 2174 2268 that the usefulness of the Edition for modern singers
151 2232 2157 2336 might have been impaired if the quaint and un¬
154 2323 2169 2412 accustomed spelling had been reproduced; added to
159 2406 2162 2515 this, the complete inconsistency of the original spelling
161 2490 2169 2588 presents an unsatisfactory feature for reproduction,
169 2570 2172 2679 The words themselves, together with the grammatical
154 2649 2169 2739 curiosities that are sometimes to be found, have been
154 2739 2174 2825 left entirely unaltered; and it should be added that
161 2818 2164 2941 they are singularly free from anything that might
161 2903 1337 2987 offend susceptible modern taste.
285 2979 2167 3080 Every care has been taken to assign to the right
156 3060 2162 3161 notes the words indicated in the original editions.
154 3146 2159 3254 Admittedly there are numbers of cases of ambiguity
161 3226 2159 3327 on this point, and also some inconsistencies, but un¬
159 3312 2162 3410 doubtedly the custom of that period in underlaying
159 3388 2167 3489 the words differs widely from that of more modern
159 3476 2174 3610 composers, and, indeed, from that of all composers
1102 3559 1213 3708 10
