2525 3933
635 241 2114 437 PREFACE TO THE SERIES
367 462 2381 595 later than the Elizabethan period. It is important to
374 570 2383 673 preserve this peculiar characteristic of the work of the
369 648 2376 758 Madrigalists, though there has been a strong tendency
367 743 2368 841 among modern editors to obliterate it, as well as freely
369 816 2378 932 to re-arrange the position of the original words. Two
374 897 2371 1010 points may here be mentioned by way of example.
377 989 2373 1080 (1) In modern music a group of four quavers is frequently
367 1070 2376 1158 divided equally into two pairs of notes, but in the
362 1155 2371 1256 Madrigals scarcely any instances of this are to be found.
382 1231 1924 1328 Thus such phrases occur as the following :
555 1529 1070 1600 scorn-ful - ly
1529 1534 1858 1617 lest you a
2014 1529 2162 1607 gain
359 1630 2114 1733 which in modern music would be treated thus :-
615 1906 1065 1996 scorn-ful  ly
1534 1931 2140 2019 lest you a . - gain
364 2032 2363 2152 (2) Any re-arrangement of the original position of the
362 2135 2361 2238 words is indefensible, and may often involve the
357 2220 2368 2318 destruction of an effect purposely designed by the
357 2300 2366 2408 Madrigal composers. In this matter their dramatic
357 2381 2363 2469 treatment of the words was often very subtle ; but as
354 2466 2366 2594 an illustration of thoughtless editing we may quote
354 2546 2290 2652 the penultimate bar of I follow, lo, the footing
354 2629 2363 2742 (No. 17 of Morley’s five- and six-voice Canzonets), in
357 2707 2351 2845 which the composer has designed that, after many
354 2785 2363 2906 bars of breathless racing, the word caught shall
352 2898 2361 2996 occur in a different vocal part on each of the four
354 2953 2348 3066 beats of the bar, and be sustained until all the voices
349 3039 2348 3169 sing the final word “her, together in the final bar.
364 3121 2353 3214 Yet in one published version of this Canzonet the
342 3207 2356 3307 point has been entirely destroyed by a gratuitous and
349 3290 2348 3425 unnecessary repetition of the words in the Cantus
344 3380 532 3493 part.
462 3400 2356 3604 The Madrigal-writers frequently set musical phrases
1278 3546 1371 3676 II
