2525 3933
149 215 2069 424 THE ENGLISH MADRIGAL SCHOOL
99 440 2130 589 or groups of notes of considerable length to single
109 553 2114 685 words or syllables that sometimes are of small
99 639 1139 753 importance. For example.
114 728 200 824 -
364 758 513 844 -
1834 826 1940 932 E
826 930 1114 1013 - * *
172 915 649 1005 my heart en-tan-
1480 920 2097 1016 my de  . light-ful
1185 925 1448 1010 gled.
227 1046 2120 1172 The practice among Editors of re-adjusting or
106 1139 2120 1258 repeating the words in such passages is none the less
114 1228 2120 1331 to be regretted although it is at least as old as the
106 1304 2120 1392 eighteenth century; numbers of examples of such
114 1387 2120 1526 editing might be quoted from Boyce’s Cathedral
109 1470 351 1592 Music.
230 1538 2122 1645 The punctuation of the different vocal parts reveals
99 1640 2120 1728 many inconsistencies in the original editions. In these
106 1718 2120 1816 cases the Editor has, as a rule, adopted the punctuation
109 1794 2102 1900 for which the different part-books gave a majority
106 1885 2117 1983 he has also followed the general principles of punctuation,
111 1973 2125 2064 as shown in the original editions, even though he has
109 2051 2127 2150 not always reproduced the exact details. Judging from
114 2132 2125 2246 these particular part-books, it may be asserted that
114 2221 2120 2322 punctuation in vocal music was far less profuse at this
114 2296 1352 2408 period than it has since become.
248 2375 2120 2483 John Payne Collier, in his Introduction to “ Lyrical
111 2458 2120 2552 Poems selected from Musical Publications between the
114 2549 2125 2668 years 1589 and 1600, printed for the Percy Society
111 2627 2130 2728 in 1844, stated that the authorship of the poems set
114 2713 2127 2834 by the Madrigal composers can be traced only in rare
111 2797 2109 2893 instances. The suggestions that the composers fre¬
116 2875 2117 2971 quently wrote the lyrics which they set to music cannot
116 2968 2125 3049 be supported by any evidence, but it is probable that
116 3049 2117 3170 in some instances they did so. For further information
124 3127 2130 3239 on this point the reader is referred to the Editor's
116 3208 2122 3299 English Madrigal Verse, and chapter XII of his
124 3299 2130 3393 English Madrigal Composers. And a list of identified
124 3367 2130 3476 poems set as Madrigals in this series is given at the
116 3463 1455 3570 conclusion of this book (see page 88).
1061 3575 1175 3686 12
