2525 3933
696 280 2172 464 PREFACE TO THE SERIES
1042 598 1859 714 III.—EXPRESSION.
568 757 2457 885 The original editions contain, according to the
436 855 2452 964 general custom of that time, no expression marks
441 941 2454 1057 whatever, the important point here involved being left
441 1027 2437 1128 to the discretion of the singers. It must not, however,
436 1107 2439 1221 be supposed for a moment that this music was sung,
444 1196 2452 1304 or is to be sung now, without a considerable amount of
441 1269 2452 1365 light and shade and freedom of tempo, broad principles
444 1355 2452 1466 of treatment being naturally suggested by the words
439 1440 2454 1531 themselves. At the same time it is probable that the
436 1529 2457 1617 effects of expression depended, in Elizabethan days, as
441 1609 2457 1693 in the music of a much later period, mainly on contrast
441 1693 2462 1788 rather than on gradation of tone intensity; thus it is
444 1768 2442 1877 reasonable to suppose that the tradition of singing
444 1854 2459 1942 repeated passages loud or soft in contrast to their first
449 1935 2452 2028 statement, represents the practice of the time. At any
444 2015 2454 2119 rate, it is certain that systematised crescendi and
439 2101 2437 2220 diminuendi belonged to the practice of a much later age
439 2179 2454 2278 and it is stated by Otto Jahn, in connection with
449 2268 2452 2366 Mozart’s first visit to Mannheim in 1777, that crescendo
441 2343 2447 2447 and diminuendo were first invented by the famous
449 2434 2459 2522 Mannheim orchestra of that time. In singing Madrigals
444 2517 2459 2611 it is permissible to introduce some of the smaller
439 2603 2457 2709 nuances that make for added interest, provided that
441 2684 2457 2802 no risk is incurred of losing the broad effects in over¬
446 2767 1044 2878 elaborate detail.
1062 2762 2454 2845 In the matter of expression there
444 2840 2472 2969 is scope for unlimited variety and individuality of
439 2924 984 3030 interpretation.
570 3002 2472 3100 The Editor, after careful consideration of the
452 3090 2459 3196 question, decided at first to add no indications of
444 3171 2459 3292 expression in this Edition. It seemed to him that
449 3262 2457 3368 printed expression-marks added to this kind of music
444 3332 2459 3431 involve a two-fold danger : firstly, they frequently give
449 3426 2454 3516 the false impression that they are the work of the
452 3509 2457 3648 composer himself, and secondly, they force upon
1390 3607 1503 3753 13
