2525 3933
161 246 2085 468 THE ENGLISH MADRIGAL SCHOOL
126 473 2123 616 performers in general the interpretation of one in¬
126 596 2135 699 dividual alone—that of the Editor—whose taste and
126 682 2135 790 opinion they represent upon a point as to which,
123 765 2138 865 admittedly, scarcely two persons would agree ; and, thus
123 855 2133 936 stereotyping the expression, they rob the performance of
126 931 2118 1019 that interest which cannot fail to result from an un¬
126 1011 2135 1102 fettered individuality of treatment. His decision in this
121 1107 2130 1185 matter was endorsed in several important newspaper
126 1169 2138 1300 critiques. But after several volumes had been published
126 1263 2138 1358 experience pointed clearly to the need of some
123 1338 2133 1441 expression-marks for general guidance, and in all
128 1423 2138 1529 subsequent volumes they were inserted, albeit somewhat
128 1509 2130 1617 sparingly, to be observed, ignored, or modified according
128 1597 2133 1680 to individual discretion and taste. Expression-marks
126 1675 2135 1796 have also been added in all reprints of the earlier
128 1745 1924 1876 volumes and in the separately printed numbers.
513 1972 1843 2138 IV.—RHYTHM AND BARRING.
244 2128 2133 2266 Bars have been added by the Editor as a neces¬
126 2256 2135 2369 sary concession to modern practice, but it must be
126 2336 2130 2450 remembered that none existed in the original editions,
133 2412 2138 2540 and their presence in a modern edition must not be
133 2497 2150 2606 allowed to compromise the freedom of accent and
138 2585 2130 2709 phrasing intended by the composers of this period.
138 2661 2143 2761 In this music we have to deal not only with frequent
133 2744 2143 2847 changes of time and rhythm—in determining which the
133 2834 2133 2938 natural accent of the words when well spoken must be
136 2915 2133 3015 the principal guide—but constantly also with complex
138 3003 2135 3121 cross-rhythms between the different parts. The Editor
138 3081 2138 3179 is aware-that in certâin cases alternative opinions
126 3151 2133 3275 may reasonably be held upon the rhythmical inter¬
148 3229 2138 3365 pretation of a passage, but his own view is expressed
133 3330 2140 3433 in this Edition by two methods—firstly, by irregular
136 3408 1972 3513 barring ; secondly, by a system of accent-marks.
254 3481 2143 3637 Irregular barring has been used in places where all
1094 3601 1202 3742 14
