2525 3933
290 232 2204 456 THE ENGLISH MADRIGAL SCHOOL
1587 471 2252 642 it was thought
237 526 1496 665 alternative method
242 604 2249 723 to be less important to draw the attention of singers
249 708 2249 811 to imitations occurring in the longer measure, and also
259 793 2249 884 to be more likely to lead to confusion in the minds of
244 874 2257 987 singers who might be unfamiliar with the principle of
307 975 2257 1070 arrying the dotted note beyond the bar. Objection
234 1050 2249 1149 has been raised to the use of the dotted crotchet in
242 1131 2242 1222 this position on the ground that it is not generally
244 1209 2252 1300 understood by modern singers, but it is not a great
237 1287 2252 1383 matter either to explain or to grasp the meaning of
239 1365 2242 1491 so simple a device. The tendency, so common among
234 1456 2242 1569 singers, to give emphasis to the first beat of the bar
242 1544 2257 1637 when the note is held over it, whatever form of notation
229 1625 2254 1761 it may be indicated by, must be repressed at all costs
227 1710 980 1846 in Madrigal singing.
793 1821 1718 1990 V.—REPEAT MARKS.
360 1967 2259 2088 In this Edition modern repeat marks have been
237 2070 2254 2181 generally used, although in the original editions the
237 2164 2242 2267 repeated passages were, in the great majority of cases,
242 2239 2249 2353 printed in extenso. It will thus be seen that the
239 2330 2254 2438 repetition of such passages in performance must not be
239 2408 2254 2504 regarded as optional. In some few instances the Editor
239 2494 2257 2607 has thought it reasonable to use fepeat marks instead
239 2577 2252 2695 of printing the passage twice over, even though in
237 2650 2254 2771 repetition two voices interehange the music assigned to
244 2738 2257 2841 them in the first statement of the passage. In these
249 2821 1242 2957 cases a foot-note is added.
360 2881 2247 2995 It should also be mentioned that in passages in
242 2977 2247 3088 which two sets of words are printed to the music there
237 3065 2249 3164 are two kinds of repeat between which it is important
239 3151 2247 3244 to distinguish—namely, those in which the repeated
244 3229 2247 3340 portion of the music is sung to different words, and
237 3312 2242 3405 those in which the same words are repeated. The
229 3393 2242 3486 second sets of words in the Ballets are those of the
234 3486 2242 3627 second stanza, and must not be sung until both sections
1186 3587 1302 3718 18
