2525 3933
570 300 2063 494 PREFACE TO THE SERIES
320 535 2336 666 of the music have been sung twice to the words of the
320 651 2336 744 first stanza. In the original editions the words of the
310 734 2338 840 second or subsequent stanzas were not printed with the
318 817 2338 954 music, but separately by themselves at the foot of the
318 918 515 1014 page.
802 971 1864 1097 VI.—TIME-SIGNATURES.
436 1072 2331 1186 In the mediaeval period, in which time-signatures
318 1178 2318 1304 had their origin, the principal signs used were the com¬
318 1281 747 1413 plete circle
812 1266 2336 1410 and the semi-circle, which has in modern
323 1395 1677 1483 days assumed the shape of the letter
1778 1390 2323 1508 — The former,
318 1486 2336 1627 as the most perfect type of figure, represented what
328 1566 2326 1677 was known as perfect or triple time, while the latter
320 1660 2336 1771 stood for duple or common time. These figures were
323 1743 2346 1854 also used with a line drawn through them to denote
320 1816 2323 1973 that the beats were to be represented by minims
328 1935 2343 2031 They were used, too, with a dot (known as the point of
325 2026 2341 2121 perfection) in the centre, to denote the Greater Pro¬
325 2104 2346 2192 lation—a term that indicated the relative value of a
320 2184 2341 2278 semibreve to a minim as one to three, and as opposed
323 2278 2318 2371 to the Lesser Prolation, in which, as in modern times
320 2366 1869 2497 the semibreve was equal to two minims :
2003 2361 2348 2510 The
320 2464 2336 2603 dot of perfection is still a familiar sign when used with
318 2578 2338 2661 notes in order to change their value similarly from that
330 2654 2336 2770 of two units to three, thus. J.=J and J..
325 2742 2333 2840 In the latter years of the sixteenth century numerical
325 2818 2336 2931 figures came to be used, either with, or as a substitute
325 2901 2341 3004 for, the old circle and semi-circle, to denote triple time.
338 2979 2336 3113 Thus, for example, these composers used, among other
318 3067 2341 3206 time-signatures, 3 or  both with and without the
320 3168 2341 3289 circle and semi-circle in their various forms. At this
333 3252 2336 3347 period, also, composers employed the old signatures
328 3330 2338 3438 without always attaching much importance to their
328 3415 2343 3514 exact significance. For instance, Morley appears to use
328 3494 701 3660 and
721 3494 2348 3645 in an indiscriminate way. This is shown
1286 3612 1400 3743 19
