<?xml version="1.0" encoding="UTF-8" standalone="yes"?>
<PcGts xmlns="http://schema.primaresearch.org/PAGE/gts/pagecontent/2013-07-15" xmlns:xsi="http://www.w3.org/2001/XMLSchema-instance" xsi:schemaLocation="http://schema.primaresearch.org/PAGE/gts/pagecontent/2013-07-15 http://schema.primaresearch.org/PAGE/gts/pagecontent/2013-07-15/pagecontent.xsd">
    <Metadata>
        <Creator>prov=READ-COOP:name=PyLaia@TranskribusPlatform:version=2.15.0:model_id=39995:lm=none:date=15_07_2024_11:32</Creator>
        <Created>2024-07-10T12:26:41.136+02:00</Created>
        <LastChange>2024-07-15T11:32:51.451+02:00</LastChange>
        <TranskribusMetadata docId="3220987" pageId="74772037" pageNr="16" tsid="177781076" status="IN_PROGRESS" userId="131016" imgUrl="https://files.transkribus.eu/Get?id=NIQOZOEFIGXLWDWKVBFPOUDW&amp;fileType=view" xmlUrl="https://files.transkribus.eu/Get?id=TKUWDFYCIDCAURNBOACBOTED" imageId="60574135"/>
    </Metadata>
    <Page imageFilename="0016_utl-fello-engmads-978107756-mt-00026.jpg" imageWidth="2525" imageHeight="3933">
        <ReadingOrder>
            <OrderedGroup id="ro_1757315971202" caption="Regions reading order">
                <RegionRefIndexed index="0" regionRef="tr_1"/>
            </OrderedGroup>
        </ReadingOrder>
        <TextRegion orientation="0.0" id="tr_1" custom="readingOrder {index:0;}">
            <Coords points="208,407 208,3744 2241,3744 2241,407"/>
            <TextLine id="tr_1_tl_1" custom="readingOrder {index:0;}">
                <Coords points="255,500 573,505 649,467 861,505 1070,452 1136,500 1360,454 1953,495 2039,464 2090,500 2183,464 2183,328 1948,371 1799,305 1592,368 1464,295 1380,348 1259,295 1098,338 936,280 757,326 613,278 464,363 384,323 255,353"/>
                <Baseline points="268,444 369,442 470,444 571,444 672,444 773,444 874,446 975,449 1076,447 1177,447 1278,447 1379,447 1480,447 1581,447 1682,447 1783,447 1884,447 1985,447 2086,447 2187,444"/>
                <TextEquiv>
                    <Unicode>THE ENGLISH MADRIGAL SCHOOL</Unicode>
                </TextEquiv>
            </TextLine>
            <TextLine id="tr_1_tl_2" custom="readingOrder {index:1;}">
                <Coords points="215,644 2231,646 2231,558 1254,573 1168,527 982,560 893,527 611,580 424,502 290,555 215,520"/>
                <Baseline points="229,623 329,621 429,626 530,628 630,629 731,629 831,629 932,629 1032,629 1133,629 1233,629 1333,629 1434,632 1534,629 1635,631 1735,632 1836,632 1936,632 2037,632 2137,632 2238,632"/>
                <TextEquiv>
                    <Unicode>by the fact that in the first edition of his three-part</Unicode>
                </TextEquiv>
            </TextLine>
            <TextLine id="tr_1_tl_3" custom="readingOrder {index:2;}">
                <Coords points="215,729 2234,734 2206,646 215,659"/>
                <Baseline points="229,707 329,710 430,710 530,710 631,710 732,711 832,713 933,713 1033,713 1134,716 1235,716 1335,714 1436,716 1536,712 1637,713 1738,716 1838,713 1939,716 2039,716 2140,716 2241,716"/>
                <TextEquiv>
                    <Unicode>Canzonets the Cantus part is printed with the barred</Unicode>
                </TextEquiv>
            </TextLine>
            <TextLine id="tr_1_tl_4" custom="readingOrder {index:3;}">
                <Coords points="212,792 2231,823 2231,737 2163,729 1219,760 586,719 212,757"/>
                <Baseline points="226,787 326,790 427,790 527,793 628,793 729,796 829,796 930,796 1030,796 1131,796 1232,799 1332,796 1433,799 1533,797 1634,799 1735,798 1835,799 1936,798 2036,797 2137,798 2238,796"/>
                <TextEquiv>
                    <Unicode>semi-circle, while the Altus and Bassus parts have the</Unicode>
                </TextEquiv>
            </TextLine>
            <TextLine id="tr_1_tl_5" custom="readingOrder {index:4;}">
                <Coords points="215,893 2226,904 2226,823 2170,815 2087,856 2016,815 1974,856 1820,813 1746,866 1668,813 215,830"/>
                <Baseline points="229,871 329,874 429,874 529,874 629,877 729,877 829,880 930,880 1030,880 1130,880 1230,880 1330,880 1430,880 1530,880 1631,883 1731,881 1831,882 1931,880 2031,883 2131,881 2232,880"/>
                <TextEquiv>
                    <Unicode>unbarred semi-circle throughout the Set. Also, in the</Unicode>
                </TextEquiv>
            </TextLine>
            <TextLine id="tr_1_tl_6" custom="readingOrder {index:5;}">
                <Coords points="212,992 2216,982 2188,891 212,898"/>
                <Baseline points="226,957 325,957 425,957 525,957 625,960 725,960 825,961 924,963 1024,962 1124,963 1224,963 1324,963 1424,963 1524,966 1623,964 1723,963 1823,963 1923,963 2023,963 2123,963 2223,954"/>
                <TextEquiv>
                    <Unicode>first edition of his four-part Madrigals the barred semi¬</Unicode>
                </TextEquiv>
            </TextLine>
            <TextLine id="tr_1_tl_7" custom="readingOrder {index:6;}">
                <Coords points="212,1057 2228,1070 2211,972 1724,1010 1623,974 1464,1007 1073,979 1022,1017 954,974 212,992"/>
                <Baseline points="226,1041 326,1041 426,1041 527,1041 627,1044 728,1044 828,1044 929,1044 1029,1044 1130,1046 1230,1045 1330,1046 1431,1044 1531,1047 1632,1047 1732,1047 1833,1044 1933,1047 2034,1045 2134,1044 2235,1047"/>
                <TextEquiv>
                    <Unicode>circle is used, and in the second edition the unbarred</Unicode>
                </TextEquiv>
            </TextLine>
            <TextLine id="tr_1_tl_8" custom="readingOrder {index:7;}">
                <Coords points="215,1141 618,1126 787,1163 828,1128 906,1166 2011,1128 2223,1163 2223,1070 2024,1098 1605,1060 1529,1110 1461,1057 1161,1057 1037,1108 863,1060 215,1060"/>
                <Baseline points="229,1124 329,1124 429,1123 529,1124 629,1127 729,1127 829,1125 929,1127 1029,1127 1129,1127 1229,1127 1329,1127 1429,1128 1529,1130 1629,1130 1729,1130 1829,1130 1929,1127 2029,1128 2129,1129 2229,1127"/>
                <TextEquiv>
                    <Unicode>semi-circle has been substituted. Conductors must</Unicode>
                </TextEquiv>
            </TextLine>
            <TextLine id="tr_1_tl_9" custom="readingOrder {index:8;}">
                <Coords points="207,1211 522,1249 946,1211 1110,1244 2231,1221 2231,1163 2158,1146 1984,1141 1936,1181 1888,1143 1668,1143 1396,1194 1259,1143 207,1143"/>
                <Baseline points="220,1202 320,1206 421,1208 522,1208 623,1208 724,1210 825,1211 926,1211 1027,1211 1128,1214 1229,1213 1329,1213 1430,1214 1531,1212 1632,1212 1733,1213 1834,1211 1935,1211 2036,1209 2137,1211 2238,1211"/>
                <TextEquiv>
                    <Unicode>therefore judge for themselves, not so much by the</Unicode>
                </TextEquiv>
            </TextLine>
            <TextLine id="tr_1_tl_10" custom="readingOrder {index:9;}">
                <Coords points="212,1297 474,1338 871,1292 962,1330 1007,1295 2221,1320 2198,1229 1802,1257 1666,1224 1545,1269 1497,1229 530,1252 212,1209"/>
                <Baseline points="226,1292 326,1292 426,1290 526,1292 626,1292 726,1292 826,1292 926,1292 1026,1295 1126,1295 1226,1296 1326,1297 1426,1296 1526,1295 1626,1297 1726,1296 1826,1293 1926,1295 2026,1295 2126,1295 2226,1295"/>
                <TextEquiv>
                    <Unicode>time-signature as by the character of the words and</Unicode>
                </TextEquiv>
            </TextLine>
            <TextLine id="tr_1_tl_11" custom="readingOrder {index:10;}">
                <Coords points="199,1426 300,1386 825,1378 957,1413 1181,1380 1461,1380 1527,1418 2221,1401 2221,1320 2085,1305 1820,1343 1330,1307 1068,1358 863,1302 818,1340 570,1310 457,1355 391,1310 199,1317"/>
                <Baseline points="214,1372 314,1375 415,1375 515,1375 616,1375 717,1376 817,1376 918,1377 1018,1375 1119,1378 1220,1378 1320,1378 1421,1381 1521,1378 1622,1378 1723,1379 1823,1378 1924,1378 2024,1378 2125,1378 2226,1372"/>
                <TextEquiv>
                    <Unicode>music, as to the tempo, as well as upon the desirability</Unicode>
                </TextEquiv>
            </TextLine>
            <TextLine id="tr_1_tl_12" custom="readingOrder {index:11;}">
                <Coords points="209,1474 1335,1474 1335,1393 290,1391 209,1421"/>
                <Baseline points="223,1456 281,1456 340,1456 399,1456 458,1459 517,1459 576,1459 635,1459 694,1459 753,1459 811,1459 870,1459 929,1459 988,1459 1047,1460 1106,1462 1165,1462 1224,1460 1283,1462 1342,1465"/>
                <TextEquiv>
                    <Unicode>of beating four or two in a bar.</Unicode>
                </TextEquiv>
            </TextLine>
            <TextLine id="tr_1_tl_13" custom="readingOrder {index:12;}">
                <Coords points="338,1562 2223,1562 2223,1502 2153,1474 1534,1502 1439,1469 1380,1512 338,1471"/>
                <Baseline points="352,1539 445,1539 539,1537 633,1540 727,1543 821,1542 915,1545 1008,1544 1102,1545 1196,1545 1290,1542 1384,1545 1478,1545 1572,1545 1665,1545 1759,1545 1853,1545 1947,1545 2041,1545 2135,1545 2229,1542"/>
                <TextEquiv>
                    <Unicode>The various time-signatures for triple time in the</Unicode>
                </TextEquiv>
            </TextLine>
            <TextLine id="tr_1_tl_14" custom="readingOrder {index:13;}">
                <Coords points="207,1623 2226,1645 2191,1552 207,1580"/>
                <Baseline points="220,1617 320,1625 421,1625 521,1623 622,1626 723,1626 823,1626 924,1626 1024,1626 1125,1626 1226,1627 1326,1629 1427,1629 1527,1629 1628,1629 1729,1629 1829,1629 1930,1627 2030,1629 2131,1629 2232,1626"/>
                <TextEquiv>
                    <Unicode>original editions have been carefully reproduced in this</Unicode>
                </TextEquiv>
            </TextLine>
            <TextLine id="tr_1_tl_15" custom="readingOrder {index:14;}">
                <Coords points="209,1741 2226,1729 2223,1666 2072,1633 1539,1673 1302,1643 1229,1693 1189,1653 207,1625"/>
                <Baseline points="220,1703 320,1706 421,1706 521,1706 622,1706 723,1709 823,1709 924,1709 1024,1709 1125,1709 1226,1709 1326,1709 1427,1709 1527,1709 1628,1710 1729,1712 1829,1709 1930,1709 2030,1710 2131,1709 2232,1712"/>
                <TextEquiv>
                    <Unicode>Edition in the vocal score. But it may be stated, in</Unicode>
                </TextEquiv>
            </TextLine>
            <TextLine id="tr_1_tl_16" custom="readingOrder {index:15;}">
                <Coords points="199,1804 2223,1817 2223,1731 2148,1721 2072,1764 1656,1726 1441,1726 1398,1764 1287,1716 1234,1764 1110,1726 199,1749"/>
                <Baseline points="214,1784 314,1785 415,1790 516,1790 617,1790 717,1793 818,1793 919,1793 1020,1790 1120,1793 1221,1793 1322,1793 1423,1793 1523,1793 1624,1795 1725,1793 1826,1793 1926,1793 2027,1793 2128,1793 2229,1793"/>
                <TextEquiv>
                    <Unicode>a general way, that when the time-signature in the</Unicode>
                </TextEquiv>
            </TextLine>
            <TextLine id="tr_1_tl_17" custom="readingOrder {index:16;}">
                <Coords points="202,1873 348,1916 697,1875 2221,1918 2221,1827 2080,1807 1471,1847 1411,1799 1297,1804 1249,1847 1068,1804 702,1835 202,1802"/>
                <Baseline points="217,1871 317,1871 417,1873 518,1873 618,1873 719,1873 819,1876 920,1876 1020,1873 1121,1876 1221,1876 1321,1876 1422,1876 1522,1876 1623,1877 1723,1876 1824,1879 1924,1876 2025,1878 2125,1876 2226,1876"/>
                <TextEquiv>
                    <Unicode>original text changes from duple to triple—i.e., from</Unicode>
                </TextEquiv>
            </TextLine>
            <TextLine id="tr_1_tl_18" custom="readingOrder {index:17;}">
                <Coords points="262,2006 512,1966 580,2011 1163,1971 2208,2009 2208,1916 2117,1888 2052,1926 1825,1898 1698,1931 1608,1888 1570,1921 482,1926 421,1888 262,1918"/>
                <Baseline points="277,1966 373,1969 470,1963 567,1969 664,1969 761,1969 858,1969 954,1969 1051,1969 1148,1971 1245,1972 1342,1972 1439,1972 1536,1972 1632,1972 1729,1972 1826,1972 1923,1972 2020,1972 2117,1969 2214,1969"/>
                <TextEquiv>
                    <Unicode>to 2 —the time-value of the 2 may be taken roughly</Unicode>
                </TextEquiv>
            </TextLine>
            <TextLine id="tr_1_tl_19" custom="readingOrder {index:18;}">
                <Coords points="199,2075 1295,2100 1348,2064 1822,2059 2027,2095 2107,2059 2216,2090 2216,2004 2145,1986 2067,2039 1989,1986 199,2004"/>
                <Baseline points="214,2047 314,2052 414,2053 515,2055 615,2056 716,2056 816,2056 917,2059 1017,2056 1118,2059 1218,2059 1318,2059 1419,2059 1519,2059 1620,2057 1720,2059 1821,2059 1921,2059 2022,2058 2122,2059 2223,2056"/>
                <TextEquiv>
                    <Unicode>to be that of the preceding 4; in other words, the</Unicode>
                </TextEquiv>
            </TextLine>
            <TextLine id="tr_1_tl_20" custom="readingOrder {index:19;}">
                <Coords points="207,2148 336,2178 447,2138 535,2198 669,2150 745,2181 1002,2140 1141,2143 1201,2191 1539,2140 1830,2148 1870,2188 1946,2153 2211,2168 2211,2092 2107,2059 1860,2100 1746,2069 1676,2110 1514,2069 1133,2112 1060,2069 739,2110 639,2069 459,2110 353,2069 207,2095"/>
                <Baseline points="220,2133 319,2136 419,2137 519,2139 619,2139 719,2139 819,2139 918,2140 1018,2141 1118,2142 1218,2142 1318,2140 1418,2142 1518,2139 1617,2139 1717,2141 1817,2140 1917,2142 2017,2142 2117,2141 2217,2139"/>
                <TextEquiv>
                    <Unicode>value of the minim is equivalent to the preceding</Unicode>
                </TextEquiv>
            </TextLine>
            <TextLine id="tr_1_tl_21" custom="readingOrder {index:20;}">
                <Coords points="194,2244 2223,2254 2223,2168 1898,2168 1774,2213 1610,2163 1545,2198 1358,2150 878,2196 780,2155 535,2206 194,2148"/>
                <Baseline points="208,2232 308,2232 409,2233 510,2235 611,2235 712,2234 813,2235 914,2235 1015,2235 1116,2235 1217,2235 1317,2235 1418,2235 1519,2235 1620,2235 1721,2235 1822,2232 1923,2235 2024,2235 2125,2235 2226,2235"/>
                <TextEquiv>
                    <Unicode>crotchet, and in these cases  has been substituted</Unicode>
                </TextEquiv>
            </TextLine>
            <TextLine id="tr_1_tl_22" custom="readingOrder {index:21;}">
                <Coords points="194,2334 487,2365 661,2327 1948,2360 2206,2329 2206,2269 2069,2256 1444,2249 1360,2284 661,2249 459,2284 194,2246"/>
                <Baseline points="208,2315 308,2318 408,2318 508,2318 608,2318 708,2318 808,2318 909,2320 1009,2321 1109,2321 1209,2321 1309,2321 1409,2323 1509,2321 1610,2321 1710,2321 1810,2321 1910,2321 2010,2321 2110,2321 2211,2321"/>
                <TextEquiv>
                    <Unicode>in the pianoforte score for the original time-signature.</Unicode>
                </TextEquiv>
            </TextLine>
            <TextLine id="tr_1_tl_23" custom="readingOrder {index:22;}">
                <Coords points="207,2456 570,2415 762,2466 1025,2430 1340,2463 1469,2418 1605,2466 1739,2423 1835,2463 2130,2420 2130,2355 2059,2337 906,2362 739,2329 480,2365 207,2332"/>
                <Baseline points="220,2396 315,2402 411,2402 507,2402 603,2402 699,2402 794,2404 890,2405 986,2405 1082,2405 1178,2405 1273,2405 1369,2405 1465,2405 1561,2405 1657,2405 1752,2404 1848,2405 1944,2405 2040,2405 2136,2405"/>
                <TextEquiv>
                    <Unicode>This point will be made clear by the following example:</Unicode>
                </TextEquiv>
            </TextLine>
            <TextLine id="tr_1_tl_24" custom="readingOrder {index:23;}">
                <Coords points="1373,2531 1411,2544 1459,2534 1577,2539 1580,2451 1552,2453 1534,2468 1507,2473 1476,2468 1461,2451 1433,2453 1411,2473 1403,2466 1388,2481 1373,2481"/>
                <Baseline points="1387,2530 1415,2530 1443,2530 1471,2529 1499,2527 1527,2527 1555,2527 1584,2527"/>
                <TextEquiv>
                    <Unicode></Unicode>
                </TextEquiv>
            </TextLine>
            <TextLine id="tr_1_tl_25" custom="readingOrder {index:24;}">
                <Coords points="510,2567 596,2564 666,2592 825,2592 808,2463 767,2471 727,2461 606,2526 575,2509 505,2516"/>
                <Baseline points="522,2551 547,2553 573,2555 598,2558 624,2563 649,2570 675,2573 701,2575 726,2578 752,2581 777,2583 803,2585 829,2587"/>
                <TextEquiv>
                    <Unicode></Unicode>
                </TextEquiv>
            </TextLine>
            <TextLine id="tr_1_tl_26" custom="readingOrder {index:25;}">
                <Coords points="1913,2592 2150,2589 2148,2493 2135,2493 2100,2524 2039,2521 2032,2529 2011,2526 1971,2486 1946,2483 1923,2506 1910,2506"/>
                <Baseline points="1927,2581 1952,2579 1978,2578 2003,2580 2029,2581 2054,2581 2080,2581 2105,2581 2131,2581 2157,2581"/>
                <TextEquiv>
                    <Unicode></Unicode>
                </TextEquiv>
            </TextLine>
            <TextLine id="tr_1_tl_27" custom="readingOrder {index:26;}">
                <Coords points="1194,2615 1338,2612 1365,2627 1494,2607 1587,2615 1590,2544 1512,2534 1408,2544 1363,2514 1305,2536 1196,2524"/>
                <Baseline points="1208,2587 1233,2585 1259,2585 1285,2588 1310,2590 1336,2590 1362,2586 1387,2581 1413,2581 1439,2581 1464,2581 1490,2581 1516,2581 1541,2581 1567,2581 1593,2581"/>
                <TextEquiv>
                    <Unicode></Unicode>
                </TextEquiv>
            </TextLine>
            <TextLine id="tr_1_tl_28" custom="readingOrder {index:27;}">
                <Coords points="1615,2615 1792,2615 1789,2481 1769,2483 1719,2534 1648,2483 1613,2488"/>
                <Baseline points="1629,2602 1657,2602 1685,2603 1714,2605 1742,2603 1770,2603 1799,2608"/>
                <TextEquiv>
                    <Unicode></Unicode>
                </TextEquiv>
            </TextLine>
            <TextLine id="tr_1_tl_29" custom="readingOrder {index:28;}">
                <Coords points="273,2700 409,2663 480,2683 550,2663 790,2678 823,2660 820,2589 639,2589 608,2564 492,2567 401,2509 353,2536 323,2506 265,2509"/>
                <Baseline points="283,2625 310,2628 337,2628 364,2619 391,2614 418,2614 445,2610 473,2605 500,2603 527,2603 554,2605 581,2609 608,2614 635,2618 663,2622 690,2627 717,2631 744,2634 771,2636 798,2639 826,2643"/>
                <TextEquiv>
                    <Unicode></Unicode>
                </TextEquiv>
            </TextLine>
            <TextLine id="tr_1_tl_30" custom="readingOrder {index:29;}">
                <Coords points="1895,2640 2186,2640 2186,2592 1895,2594"/>
                <Baseline points="1909,2625 1934,2625 1960,2625 1986,2627 2012,2629 2038,2631 2063,2631 2089,2631 2115,2631 2141,2631 2167,2631 2193,2631"/>
                <TextEquiv>
                    <Unicode></Unicode>
                </TextEquiv>
            </TextLine>
            <TextLine id="tr_1_tl_31" custom="readingOrder {index:30;}">
                <Coords points="881,2668 1875,2660 1875,2589 1274,2615 1075,2521 881,2504"/>
                <Baseline points="895,2631 944,2631 993,2631 1043,2631 1092,2631 1141,2632 1191,2632 1240,2631 1289,2631 1339,2631 1388,2634 1437,2634 1487,2634 1536,2633 1585,2631 1635,2631 1684,2631 1733,2631 1783,2631 1832,2626 1882,2622"/>
                <TextEquiv>
                    <Unicode></Unicode>
                </TextEquiv>
            </TextLine>
            <TextLine id="tr_1_tl_32" custom="readingOrder {index:31;}">
                <Coords points="1471,2753 1550,2764 1582,2733 1709,2723 1815,2758 1895,2713 2128,2753 2178,2736 2178,2670 2107,2663 1474,2668"/>
                <Baseline points="1489,2706 1523,2706 1558,2706 1593,2706 1628,2706 1662,2706 1697,2706 1732,2706 1767,2706 1801,2706 1836,2706 1871,2704 1906,2703 1940,2703 1975,2703 2010,2703 2045,2703 2079,2703 2114,2703 2149,2703 2184,2706"/>
                <TextEquiv>
                    <Unicode>lace, and a gilt Rose-ma-ry</Unicode>
                </TextEquiv>
            </TextLine>
            <TextLine id="tr_1_tl_33" custom="readingOrder {index:32;}">
                <Coords points="507,2743 563,2718 626,2753 694,2723 888,2746 949,2718 1090,2746 1123,2713 1416,2708 1317,2663 507,2663"/>
                <Baseline points="522,2706 567,2703 612,2703 657,2703 702,2706 747,2706 792,2706 837,2706 882,2706 927,2706 972,2706 1017,2706 1062,2706 1107,2706 1152,2703 1197,2703 1242,2703 1287,2706 1332,2706 1377,2706 1423,2703"/>
                <TextEquiv>
                    <Unicode>run a-pace, then, and get a bride</Unicode>
                </TextEquiv>
            </TextLine>
            <TextLine id="tr_1_tl_34" custom="readingOrder {index:33;}">
                <Coords points="1643,2819 1789,2811 1815,2837 1900,2842 1898,2731 1865,2726 1817,2758 1751,2743 1726,2758 1696,2758 1671,2733 1640,2746"/>
                <Baseline points="1656,2805 1681,2805 1706,2805 1731,2805 1756,2807 1781,2807 1806,2806 1831,2805 1856,2805 1881,2811 1906,2818"/>
                <TextEquiv>
                    <Unicode></Unicode>
                </TextEquiv>
            </TextLine>
            <TextLine id="tr_1_tl_35" custom="readingOrder {index:34;}">
                <Coords points="803,2814 984,2824 1073,2811 1103,2822 1103,2743 1010,2751 994,2764 972,2748 954,2764 931,2753 914,2766 898,2753 803,2733"/>
                <Baseline points="817,2805 843,2807 870,2808 896,2808 923,2808 950,2808 976,2808 1003,2808 1030,2810 1056,2809 1083,2808 1110,2805"/>
                <TextEquiv>
                    <Unicode></Unicode>
                </TextEquiv>
            </TextLine>
            <TextLine id="tr_1_tl_36" custom="readingOrder {index:35;}">
                <Coords points="1989,2892 2206,2890 2201,2736 2168,2733 2150,2753 2087,2761 2069,2748 2042,2751 2009,2728 1984,2728"/>
                <Baseline points="2001,2820 2027,2827 2053,2831 2079,2831 2106,2832 2132,2834 2158,2832 2184,2831 2211,2831"/>
                <TextEquiv>
                    <Unicode></Unicode>
                </TextEquiv>
            </TextLine>
            <TextLine id="tr_1_tl_37" custom="readingOrder {index:36;}">
                <Coords points="840,2824 856,2829 863,2842 886,2844 893,2839 896,2842 909,2842 911,2839 924,2842 929,2814 911,2811 909,2814 893,2814 888,2819 881,2814 868,2817 861,2811 856,2817 843,2817 840,2814"/>
                <Baseline points="852,2841 878,2835 904,2831 931,2831"/>
                <TextEquiv>
                    <Unicode></Unicode>
                </TextEquiv>
            </TextLine>
            <TextLine id="tr_1_tl_38" custom="readingOrder {index:37;}">
                <Coords points="1421,2857 1497,2832 1517,2844 1577,2839 1613,2867 1789,2867 1784,2814 1613,2819 1527,2758 1486,2753 1456,2731 1413,2753"/>
                <Baseline points="1432,2831 1458,2828 1484,2828 1510,2829 1536,2830 1562,2831 1588,2831 1614,2839 1640,2846 1666,2848 1692,2849 1718,2849 1744,2852 1770,2855 1796,2855"/>
                <TextEquiv>
                    <Unicode></Unicode>
                </TextEquiv>
            </TextLine>
            <TextLine id="tr_1_tl_39" custom="readingOrder {index:38;}">
                <Coords points="278,2882 406,2910 1196,2890 1179,2791 883,2837 798,2791 666,2786 608,2736 278,2741"/>
                <Baseline points="292,2852 337,2854 382,2841 428,2841 473,2846 518,2854 564,2857 609,2855 654,2843 700,2831 745,2834 790,2831 836,2840 881,2854 926,2858 972,2855 1017,2855 1062,2849 1108,2843 1153,2837 1199,2835"/>
                <TextEquiv>
                    <Unicode></Unicode>
                </TextEquiv>
            </TextLine>
            <TextLine id="tr_1_tl_40" custom="readingOrder {index:39;}">
                <Coords points="1247,2890 1277,2890 1315,2923 1348,2902 1368,2915 1396,2912 1421,2890 1459,2910 1489,2910 1504,2902 1502,2827 1375,2832 1343,2811 1242,2819"/>
                <Baseline points="1259,2855 1284,2847 1309,2841 1334,2846 1359,2851 1384,2856 1409,2860 1434,2863 1459,2860 1484,2855 1509,2855"/>
                <TextEquiv>
                    <Unicode></Unicode>
                </TextEquiv>
            </TextLine>
            <TextLine id="tr_1_tl_41" custom="readingOrder {index:40;}">
                <Coords points="278,2950 346,2910 548,2983 760,2938 863,2983 1012,2978 1151,2930 1302,2950 1300,2890 739,2887 644,2920 275,2885"/>
                <Baseline points="289,2912 339,2912 390,2920 441,2924 492,2928 543,2931 594,2934 645,2936 696,2934 747,2930 798,2927 848,2930 899,2932 950,2935 1001,2933 1052,2931 1103,2930 1154,2930 1205,2930 1256,2930 1307,2933"/>
                <TextEquiv>
                    <Unicode>.pace, and get, O get a bride</Unicode>
                </TextEquiv>
            </TextLine>
            <TextLine id="tr_1_tl_42" custom="readingOrder {index:41;}">
                <Coords points="1492,2976 1585,2986 1658,2938 1749,2976 1918,2986 1986,2963 2029,2988 2087,2963 2178,2983 2178,2890 1726,2885 1630,2912 1492,2892"/>
                <Baseline points="1506,2930 1539,2929 1573,2930 1607,2930 1641,2930 1675,2930 1709,2930 1743,2930 1777,2930 1811,2930 1845,2930 1878,2930 1912,2930 1946,2928 1980,2927 2014,2928 2048,2930 2082,2928 2116,2927 2150,2927 2184,2927"/>
                <TextEquiv>
                    <Unicode>lace, and a gilt Rose-ma-ry</Unicode>
                </TextEquiv>
            </TextLine>
            <TextLine id="tr_1_tl_43" custom="readingOrder {index:42;}">
                <Coords points="1214,3018 1252,3018 1264,3013 1312,3018 1312,2950 1287,2950 1282,2945 1249,2976 1239,2970 1229,2981 1214,2981"/>
                <Baseline points="1229,3004 1257,3006 1286,3005 1315,3001"/>
                <TextEquiv>
                    <Unicode></Unicode>
                </TextEquiv>
            </TextLine>
            <TextLine id="tr_1_tl_44" custom="readingOrder {index:43;}">
                <Coords points="1653,3041 1671,3041 1676,3036 1691,3041 1739,3041 1746,3036 1769,3041 1774,2976 1762,2973 1757,2978 1746,2970 1734,2981 1714,2986 1706,2976 1698,2978 1691,2973 1671,2983 1656,2983"/>
                <Baseline points="1666,3024 1693,3024 1721,3023 1749,3020 1777,3018"/>
                <TextEquiv>
                    <Unicode></Unicode>
                </TextEquiv>
            </TextLine>
            <TextLine id="tr_1_tl_45" custom="readingOrder {index:44;}">
                <Coords points="792,3089 949,3094 984,3079 1002,3092 1062,3094 1065,2950 1047,2948 997,2988 964,2988 949,2976 896,2993 861,2983 823,2948 795,2958"/>
                <Baseline points="808,3043 834,3034 860,3028 886,3028 913,3027 939,3025 965,3028 992,3031 1018,3029 1044,3028 1071,3028"/>
                <TextEquiv>
                    <Unicode></Unicode>
                </TextEquiv>
            </TextLine>
            <TextLine id="tr_1_tl_46" custom="readingOrder {index:45;}">
                <Coords points="1868,3064 2016,3061 2004,2973 1963,2978 1956,2970 1951,2976 1938,2973 1913,2981 1895,2970 1893,2978 1883,2981 1865,2973 1852,2976"/>
                <Baseline points="1876,3031 1904,3031 1933,3033 1962,3039 1991,3045 2020,3049"/>
                <TextEquiv>
                    <Unicode></Unicode>
                </TextEquiv>
            </TextLine>
            <TextLine id="tr_1_tl_47" custom="readingOrder {index:46;}">
                <Coords points="1431,3094 1466,3087 1492,3094 1507,3087 1585,3092 1585,2970 1570,2968 1555,2983 1547,2976 1507,2976 1499,2970 1489,2981 1474,2978 1466,2986 1451,2978 1431,2986"/>
                <Baseline points="1446,3051 1474,3052 1503,3052 1532,3052 1561,3054 1590,3052"/>
                <TextEquiv>
                    <Unicode></Unicode>
                </TextEquiv>
            </TextLine>
            <TextLine id="tr_1_tl_48" custom="readingOrder {index:47;}">
                <Coords points="1688,3089 1714,3087 1719,3092 1724,3087 1754,3092 1757,3087 1782,3087 1779,3036 1769,3039 1749,3036 1736,3041 1724,3036 1719,3039 1706,3036 1698,3041 1686,3041"/>
                <Baseline points="1703,3070 1731,3074 1759,3076 1787,3076"/>
                <TextEquiv>
                    <Unicode></Unicode>
                </TextEquiv>
            </TextLine>
            <TextLine id="tr_1_tl_49" custom="readingOrder {index:48;}">
                <Coords points="1916,3107 1958,3119 2009,3109 2019,3119 2191,3119 2193,3041 2014,3036 1984,3064 1918,3064"/>
                <Baseline points="1930,3094 1956,3088 1983,3084 2009,3080 2036,3078 2063,3076 2089,3076 2116,3076 2142,3076 2169,3077 2196,3079"/>
                <TextEquiv>
                    <Unicode></Unicode>
                </TextEquiv>
            </TextLine>
            <TextLine id="tr_1_tl_50" custom="readingOrder {index:49;}">
                <Coords points="452,3112 510,3122 515,3114 608,3114 649,3124 656,3114 689,3114 684,2965 664,2973 636,2965 623,2981 613,2970 580,2986 527,2973 485,2986 447,2973"/>
                <Baseline points="462,3076 487,3079 512,3082 537,3082 562,3083 588,3084 613,3085 638,3085 663,3085 689,3085"/>
                <TextEquiv>
                    <Unicode></Unicode>
                </TextEquiv>
            </TextLine>
            <TextLine id="tr_1_tl_51" custom="readingOrder {index:50;}">
                <Coords points="1441,3124 1451,3127 1461,3122 1471,3124 1481,3114 1489,3117 1502,3109 1507,3109 1522,3124 1539,3124 1542,3066 1507,3066 1499,3059 1486,3061 1484,3054 1469,3056 1459,3064 1444,3061"/>
                <Baseline points="1456,3103 1485,3103 1515,3101 1545,3097"/>
                <TextEquiv>
                    <Unicode>2</Unicode>
                </TextEquiv>
            </TextLine>
            <TextLine id="tr_1_tl_52" custom="readingOrder {index:51;}">
                <Coords points="280,3157 361,3187 439,3155 603,3185 790,3167 866,3208 944,3167 989,3198 1080,3167 1080,3114 792,3114 724,3140 636,3112 280,3109"/>
                <Baseline points="295,3127 334,3135 374,3141 413,3144 453,3147 492,3150 532,3154 571,3155 611,3157 650,3160 690,3160 730,3158 769,3157 809,3157 848,3157 888,3157 927,3157 967,3157 1006,3157 1046,3157 1086,3154"/>
                <TextEquiv>
                    <Unicode>. pace, a - pace, and get</Unicode>
                </TextEquiv>
            </TextLine>
            <TextLine id="tr_1_tl_53" custom="readingOrder {index:52;}">
                <Coords points="1471,3182 1598,3172 1658,3208 1893,3160 2006,3198 2183,3187 2183,3119 2163,3114 1471,3119"/>
                <Baseline points="1486,3151 1521,3153 1556,3154 1591,3154 1626,3154 1662,3154 1697,3154 1732,3154 1767,3155 1802,3157 1838,3154 1873,3154 1908,3153 1943,3151 1978,3151 2014,3151 2049,3151 2084,3151 2119,3151 2154,3151 2190,3151"/>
                <TextEquiv>
                    <Unicode>lace, and a gilt Rose-ma-ry</Unicode>
                </TextEquiv>
            </TextLine>
            <TextLine id="tr_1_tl_54" custom="readingOrder {index:53;}">
                <Coords points="1146,3167 1158,3167 1179,3187 1196,3187 1229,3165 1269,3162 1307,3195 1345,3195 1348,3066 1148,3064"/>
                <Baseline points="1160,3157 1187,3154 1214,3154 1241,3154 1269,3154 1296,3154 1323,3154 1351,3154"/>
                <TextEquiv>
                    <Unicode>bride</Unicode>
                </TextEquiv>
            </TextLine>
            <TextLine id="tr_1_tl_55" custom="readingOrder {index:54;}">
                <Coords points="1441,3263 1835,3263 1835,3172 1804,3170 1736,3208 1704,3190 1640,3210 1587,3180 1441,3180"/>
                <Baseline points="1456,3252 1481,3249 1507,3251 1533,3252 1558,3252 1584,3252 1610,3252 1635,3252 1661,3252 1687,3252 1712,3252 1738,3252 1764,3251 1789,3249 1815,3249 1841,3249"/>
                <TextEquiv>
                    <Unicode>L'istesso tempo.</Unicode>
                </TextEquiv>
            </TextLine>
            <TextLine id="tr_1_tl_56" custom="readingOrder {index:55;}">
                <Coords points="777,3286 803,3291 805,3286 835,3283 856,3291 904,3291 901,3220 888,3220 881,3213 858,3233 845,3225 810,3243 805,3238 800,3243 795,3238 777,3238"/>
                <Baseline points="790,3279 819,3276 848,3278 877,3279 907,3280"/>
                <TextEquiv>
                    <Unicode>—</Unicode>
                </TextEquiv>
            </TextLine>
            <TextLine id="tr_1_tl_57" custom="readingOrder {index:56;}">
                <Coords points="1804,3405 1837,3387 1880,3402 1943,3397 2009,3359 2135,3359 2125,3228 2072,3233 2064,3246 2019,3248 2004,3235 1941,3253 1893,3235 1857,3240 1832,3263 1794,3261"/>
                <Baseline points="1811,3318 1836,3313 1861,3308 1886,3305 1911,3304 1937,3305 1962,3311 1987,3317 2012,3322 2038,3327 2063,3325 2088,3325 2113,3326 2139,3327"/>
                <TextEquiv>
                    <Unicode></Unicode>
                </TextEquiv>
            </TextLine>
            <TextLine id="tr_1_tl_58" custom="readingOrder {index:57;}">
                <Coords points="1640,3364 1656,3364 1663,3359 1676,3364 1688,3359 1701,3364 1734,3364 1749,3261 1736,3258 1729,3263 1719,3258 1711,3263 1693,3261 1681,3266 1678,3261 1653,3258"/>
                <Baseline points="1656,3342 1685,3342 1715,3339 1745,3330"/>
                <TextEquiv>
                    <Unicode></Unicode>
                </TextEquiv>
            </TextLine>
            <TextLine id="tr_1_tl_59" custom="readingOrder {index:58;}">
                <Coords points="454,3389 474,3397 490,3389 538,3417 558,3415 580,3387 596,3384 583,3238 553,3243 525,3263 510,3253 492,3263 442,3263"/>
                <Baseline points="464,3341 491,3347 518,3352 545,3356 572,3355 599,3351"/>
                <TextEquiv>
                    <Unicode></Unicode>
                </TextEquiv>
            </TextLine>
            <TextLine id="tr_1_tl_60" custom="readingOrder {index:59;}">
                <Coords points="747,3445 795,3430 805,3415 828,3412 845,3425 876,3407 906,3425 941,3394 972,3410 1002,3402 989,3291 820,3283 729,3293"/>
                <Baseline points="751,3345 776,3348 801,3351 827,3349 852,3349 878,3353 903,3357 928,3362 954,3366 979,3370 1005,3377"/>
                <TextEquiv>
                    <Unicode></Unicode>
                </TextEquiv>
            </TextLine>
            <TextLine id="tr_1_tl_61" custom="readingOrder {index:60;}">
                <Coords points="1789,3500 1822,3516 1875,3513 1900,3500 1938,3516 1946,3508 1996,3511 1996,3417 1938,3430 1913,3405 1898,3410 1888,3399 1873,3415 1860,3405 1817,3407 1810,3415 1789,3410"/>
                <Baseline points="1802,3500 1827,3502 1852,3503 1877,3503 1902,3503 1927,3503 1952,3502 1977,3500 2002,3500"/>
                <TextEquiv>
                    <Unicode>.</Unicode>
                </TextEquiv>
            </TextLine>
            <TextLine id="tr_1_tl_62" custom="readingOrder {index:61;}">
                <Coords points="558,3511 598,3503 631,3516 679,3513 714,3495 732,3495 729,3442 707,3440 686,3452 651,3432 636,3440 623,3432 601,3447 555,3440"/>
                <Baseline points="572,3504 599,3503 627,3503 654,3505 682,3507 709,3509 737,3509"/>
                <TextEquiv>
                    <Unicode></Unicode>
                </TextEquiv>
            </TextLine>
            <TextLine id="tr_1_tl_63" custom="readingOrder {index:62;}">
                <Coords points="2039,3556 2193,3561 2198,3493 2175,3495 2168,3488 2145,3485 2138,3493 2117,3490 2110,3495 2075,3460 2069,3463 2059,3452 2047,3450"/>
                <Baseline points="2056,3533 2085,3539 2114,3539 2143,3537 2172,3533 2202,3527"/>
                <TextEquiv>
                    <Unicode></Unicode>
                </TextEquiv>
            </TextLine>
            <TextLine id="tr_1_tl_64" custom="readingOrder {index:63;}">
                <Coords points="300,3654 328,3644 353,3657 396,3637 462,3652 485,3639 497,3649 525,3637 522,3480 495,3495 474,3478 457,3495 432,3488 394,3513 363,3498 346,3505 326,3488 298,3495"/>
                <Baseline points="313,3595 339,3598 366,3601 393,3601 420,3601 447,3601 474,3599 501,3599 528,3601"/>
                <TextEquiv>
                    <Unicode></Unicode>
                </TextEquiv>
            </TextLine>
            <TextLine id="tr_1_tl_65" custom="readingOrder {index:64;}">
                <Coords points="1146,3788 1158,3788 1174,3773 1186,3778 1201,3765 1224,3770 1247,3748 1259,3748 1259,3652 1214,3652 1204,3647 1194,3659 1174,3654 1166,3662 1143,3664"/>
                <Baseline points="1157,3724 1184,3722 1211,3722 1238,3723 1265,3727"/>
                <TextEquiv>
                    <Unicode>20</Unicode>
                </TextEquiv>
            </TextLine>
            <TextEquiv>
                <Unicode></Unicode>
            </TextEquiv>
        </TextRegion>
    </Page>
</PcGts>
