2525 3933
536 264 2017 465 PREFACE TO THE SERIES
488 677 915 754 branch the while
1081 679 1796 742 fear of old snatch-ing.
1969 682 2120 752 A .
2143 631 2231 760 as
558 729 661 785 —
2057 739 2170 848 —
1212 782 1408 898 .
508 883 915 981 branch the while
1084 855 1215 968 fea
1836 895 2100 963 A - -
1237 890 1788 983 of old snatch-ing.
2128 895 2241 971 las
541 953 802 1006 ——
360 1099 918 1164 branch the while
1079 1102 1411 1185 sear of old
1491 1104 1999 1185 snatch-ing. A
2133 1084 2236 1180 las
1423 1139 1838 1210 L'istesso tempo.
1977 1175 2057 1237 —
614 1190 900 1358 .
1288 1255 1386 1358 —
506 1303 609 1361 —
400 1574 2266 1703 As already stated in Section IV, under the heading
282 1675 2266 1766 of “ Rhythm and Barring, none but the composers
282 1755 2279 1874 own time-signatures, as found in the original editions,
272 1831 2276 1937 are inserted in the vocal score of the present Edition.
284 1924 2281 2047 When a bar of irregular length appears, the value of
282 2009 2279 2123 the crotchet unit remains constant unless an original
279 2103 2276 2193 time-signature is quoted and a special indication given.
282 2173 2281 2281 The Editor has, however, inserted fresh time-signatures
272 2251 2281 2357 in the pianoforte score at every change of bar-length.
402 2339 2279 2424 It may here be mentioned that the Madrigalists
282 2419 2279 2505 usually employed the “ Long for the final note, the
287 2502 2279 2598 older practice having been to end with a “ Large, the
284 2575 2281 2678 final note being treated as being of indefinite length.
282 2666 2279 2774 In the present Edition a Breve has been substituted.
770 2895 1823 3043 VII.—KEY-SIGNATURES.
410 3038 2281 3169 The original key-signatures have been preserved
282 3141 2284 3259 throughout this Edition, and in the case of the
284 3234 2294 3340 first thirteen volumes, the modern equivalents were
284 3325 2269 3435 substituted in the pianoforte score. It was found by
279 3428 2294 3524 experience that this led to confusion rather than the
274 3498 2296 3624 reverse, and in all subsequent volumes, as well as in
1240 3601 1343 3715 21
