2525 3933
305 232 2229 426 THE ENGLISH MADRIGAL SCHOOL
249 446 2264 569 reprints of the earlier volumes, the key-signature of the
257 557 2257 673 voice parts has been followed in the pianoforte score.
257 637 2269 728 The key-signatures employed in Elizabethan times, and
257 725 2257 821 until well on in the eighteenth century, frequently
257 806 2264 927 present to modern eyes the appearance of having a flat
257 887 2264 990 or a sharp too few; this may be seen in the original
244 965 2269 1081 editions, for example, of Purcell and Corelli. The
244 1043 2264 1144 explanation is not far to seek, when the very gradual
252 1138 2254 1232 transition from the modal system to the modern major
252 1219 2252 1335 and minor keys is borne in mind. The Dorian mode,
249 1312 1609 1471 with the minor third and major sixth,
2068 1393 2186 1463 Ta-
249 1443 2264 1564 contained no flat, and the transposed Dorian, from G
249 1531 2264 1635 to G, only one ; and so by habit after the modes as
244 1604 2259 1715 such were forgotten, the key of C minor, for example,
249 1703 2242 1803 for some time bore the key-signature of two flats only
262 1773 2262 1909 The transposed Aolian mode, with the minor third and
776 1882 2252 2030 contains, it is true,
234 1874 806 2065 minor sixth,
237 2030 2254 2143 two flats; but on the other hand the Lydian mode,
234 2128 1138 2305 from F to F with Bh,
1811 2138 2249 2307 has no flat,
244 2264 2264 2383 and therefore, when transposed, has a flat too few in
244 2365 2252 2478 the signature. This provides ample explanation of the
244 2438 2232 2564 apparent irregularity of the key-signatures. This ex
244 2524 2257 2645 planation applies similarly to the presence at a later
242 2604 2247 2713 date of a sharp too few, for the sharp is never found
242 2688 2254 2798 in the signature in the Madrigal period ; this is to be
244 2776 2232 2881 accounted for by the great prevalence of the Mixo¬
1539 2869 1657 2952 2
239 2864 1965 3060 Lydian mode with the major third
242 2992 2237 3128 It is obvious that the transposed forms of this required
249 3118 2229 3209 a sharp too few in the key-signature. It is not, there¬
237 3204 2227 3317 fore, surprising that this practice, as already mentioned,
242 3284 2249 3370 survived long after the modes as such had passed out
244 3355 2222 3458 of practical use. Thus, for example, Handel's “ Har¬
237 3448 2229 3587 monious Blacksmith, which is in E major, has only
1189 3539 1302 3680 22
