2525 3933
531 234 2010 403 PREFACE TO THE SERIES
270 466 2257 622 three sharps in the key-signature in the old editions
270 577 2269 678 and Bach s “ Doric Toccata and Fugue in D minor,
272 662 2285 753 which is in no sense in the Dorian mode, owes its name
267 761 2033 871 to the omission of the flat in the key-signature.
816 985 1720 1098 VIII.—ACCIDENTALS.
385 1136 2267 1272 Incidentally the plan of preserving the original
259 1247 2267 1350 key-signatures in the vocal parts of this Edition makes
275 1325 2269 1413 it possible to follow the composers' own accidental
254 1410 2267 1501 marks very closely. By this means scope is left for
267 1496 2267 1620 criticism on doubtful points without the necessity of
252 1574 1491 1662 referring to the original editions.
380 1652 2267 1753 In this matter the alterations from the original
257 1740 2269 1831 text are of three kinds : Firstly, there is the contradiction
257 1824 2264 1917 of former accidentals within the limits of a bar ; this
244 1904 2252 2010 has, of course, been rendered necessary by the barring
249 1987 2267 2106 of music which was originally unbarred, for in the
254 2065 2267 2164 original copies accidentals were, as a rule, applied to
252 2148 2259 2257 all notes that required them, even when the same note
257 2237 2262 2347 was reiterated consecutively. Secondly, there is the
242 2325 2264 2415 addition of an accidental which for some cause has been
244 2393 2257 2509 omitted in the original edition, and which in some cases
244 2476 2252 2582 is merely a question of a misprint. As this is a matter
244 2574 2257 2672 upon which different opinions might be held in certain
242 2652 2254 2753 instances, the Editor has enclosed in brackets all the
239 2725 2254 2829 accidentals added by himself. Thirdly, there is the
239 2818 2242 2909 omission, in accordance with ordinary modern custom,
237 2902 2254 3028 of the accidentals printed in the original editions which
239 2970 1446 3060 occur within the limits of a bar.
350 3020 2249 3164 It may be thought that corrective accidentals should
229 3141 2242 3254 have been printed when such corrections occur in the
229 3229 2249 3320 same bar but in another part ; for instance, if BH is
229 3302 2254 3395 sung in one voice on the first beat of a bar, and Bh occurs
234 3388 2237 3499 on the next beat in another part, no flat has been printed
234 3473 2247 3617 against the second note ; but the plan adopted is in
1176 3582 1259 3685 2.
