2525 3933
255 182 2166 420 THE ENGLISH MADRIGAL SCHOOL
207 412 2234 566 accordance with the original copies, and as it is
215 536 2234 637 consistently followed, it ought not to cause any real
212 624 2237 725 difficulty to singers. There are some rare instances of
217 708 2229 819 corrective accidentals in the original editions, and these
207 791 1577 907 have been reprinted in this Edition.
339 875 2232 983 It was usual at this time to print the key-signature
1314 991 2229 1127 but if, for example, the
207 960 1256 1158 at each octave, thus:
207 1097 2229 1266 high Bh was used in a clef which did not admit of such
2045 1216 2148 1307 be-
1926 1254 2032 1309 +.
210 1223 1891 1388 duplication, it was sometimes printed thus.
1939 1375 2057 1418 —
212 1390 2227 1491 In such cases the b has not been reprinted in the present
212 1474 531 1628 Edition.
645 1683 1820 1817 IX.—PIANOFORTE SCORE.
341 1848 2222 1964 The voice parts in this Edition, as already stated,
212 1956 2222 2060 have been made to correspond in every detail as nearly
215 2030 2229 2148 as possible to the original text, but a transcription
215 2116 2229 2224 has been added in short score for the convenience of
220 2204 2227 2310 those who may need a pianoforte accompaniment for
227 2282 2234 2386 purposes of rehearsal. It is printed in small type for
220 2368 2222 2497 the purpose of distinguishing it from the original text.
227 2449 2234 2535 No accompaniment found any place in the original
220 2522 2222 2621 editions of these Sets, nor should any be used in perform¬
220 2611 2232 2702 ing this music. It should, however, be stated that
225 2694 2232 2793 the first sixteen of Morley's “Canzonets to five and
225 2775 2232 2871 six Voices were also set by him “tablaturewise to
220 2859 2227 2998 the Lute in the Cantus Book, for one to sing and play
225 2945 465 3056 alone.
351 2995 2232 3132 In the pianoforte part the Editor has not thought
217 3106 2237 3243 it necessary to indicate invariably the progression of
225 3187 819 3296 the vocal parts.
336 3248 2234 3374 As has been already said, the same note-unit has
225 3349 2237 3463 been employed without change throughout the pianoforte
233 3445 2234 3576 part of each separate composition (see illustration on
1170 3549 1289 3688 24
