2525 3933
512 281 1983 459 PREFACE TO THE SERIES
258 466 2252 612 pages 20-21), and the time-signature has been added in
253 574 2247 700 the pianoforte part where instances of irregular barring
258 672 2252 762 occur, as distinct from the changes of time-signature
253 747 2247 860 which are made occasionally in the original editions,
258 832 2252 938 and which alone are reproduced in the vocal score.
261 915 2254 1011 The Editor hopes by this means to have made
258 1016 2257 1116 perfectly clear the relative time-values in cases where
261 1086 1853 1196 triple measure follows duple, and vice versa.
381 1158 2259 1269 Key-signatures have been fully dealt with above.
263 1241 2257 1339 Copious corrective accidentals have been added in the
258 1329 2257 1434 pianoforte score, and the later practice of putting such
258 1417 2262 1507 corrective accidentals in subsequent bars has been
251 1497 2254 1592 followed. These features incidentally provide corro¬
246 1577 2257 1700 borative evidence of accuracy in places where doubt
243 1660 1427 1803 might otherwise have been felt.
