2525 3933
1039 556 1439 674 PART II.
327 710 2139 928 SOME FURTHER POINTS ABOUT
682 906 1817 1042 MADRIGAL SINGING.
342 1077 2242 1241 ERTAIN points concerning madrigal-singing have
322 1210 2242 1319 been dealt with in the foregoing pages, but it
463 1291 2239 1407 is necessary to deal with other features if an
221 1369 2239 1490 answer is to be given to the question “How should
221 1452 2239 1542 Madrigals be sung? This is a question which is
229 1542 2239 1638 often asked, though it is not very easily answered. It
216 1618 2217 1724 might well be extended to any kind of part-singing
219 1704 2219 1822 and even to the entire realm of song ; for it is a lament¬
216 1792 2234 1890 able fact that a very large number of singers with fine
219 1875 2217 1980 and well-trained voices fail nevertheless in the all¬
221 1958 2222 2051 important matter of interpretation. That accuracy
211 2028 2222 2141 and a finished technique are indispensable to a singer
211 2126 2227 2219 goes without saying, but these features are almost
221 2197 2232 2317 wholly devoid of value if the singer lacks the knowledge
216 2290 2229 2406 or intelligence which might enable him to interpret
219 2370 2229 2491 the song or the madrigal satisfactorily. In reference
221 2453 2219 2541 to madrigal-singing, this statement is especially true.
221 2539 2222 2635 The voices need not necessarily be of exceptional
209 2619 2219 2723 quality, but a good measure of intelligence is an essential
209 2705 684 2831 requirement.
861 2828 1553 2979 I.—TECHNIQUE.
322 3004 2207 3133 As regards technique, madrigal-singers must be able
206 3098 2219 3211 to sing in tune, and to maintain the pitch throughout
206 3193 2207 3294 each piece without the smallest risk of variation; they
201 3279 2214 3379 should also be able to read music with considerable
196 3362 2214 3488 facility. And here it is important to state that certain
201 3442 2217 3588 details of musical notation are apt to be neglected as
1157 3545 1278 3659 26
