2525 3933
270 237 2285 408 POINTS ABOUT MADRIGAL SINGING
267 441 2279 584 things that do not matter, although they may easily
272 554 2285 655 be mastered in a few minutes with application. For
275 637 2277 748 example, a large proportion of choral singers who may
275 720 2277 816 be perfectly familiar with the ordinary staff notation,
277 796 2282 894 both as regards the pitch of the notes and their various
275 887 2282 982 values, are vaguely uncertain as to the value of the
270 967 2282 1065 rests ; it is necessary that they should be able to
272 1050 2279 1138 recognise without the least hesitation the difference
275 1131 2277 1237 between a semibreve (——) and a minim (—) rest.
270 1222 2272 1327 In bars of  time, not to mention , unnecessary
272 1320 2279 1410 confusion often arises through ignorance of this detail.
282 1398 2282 1509 The corresponding danger of confusion between the
270 1481 2282 1579 crotchet rest () and the quaver rest (1) no longer
272 1572 2272 1670 exists, since the sign () has been almost universally
270 1650 2277 1751 adopted for the crotchet rest in modern publications.
403 1735 2282 1831 The C clef is now so rarely used for vocal music
262 1813 2274 1929 in this country, except in cathedral choirs, that fami¬
270 1889 2282 2000 liarity with the ordinary treble and bass clefs is sufficient
272 1975 2290 2093 for all needs. Many Madrigals are now published in
275 2058 2277 2174 the tonic sol-fa notation for those who prefer it, but,
267 2143 2287 2257 as in the case of staff notation, a singer must have a
270 2232 1496 2337 fluent knowledge of all its details.
388 2292 2279 2415 An explanation of the various time-signatures and
267 2395 2267 2491 key-signatures, as well as a brief reference to the modes
267 2471 2282 2594 has already been given. It need only be added here
267 2554 2272 2655 that singers, and conductors in particular, must pay
272 2637 2285 2740 the closest attention to the frequent changes and
272 2728 2272 2824 rhythm and variation of the periodic flow of the music,
270 2808 2277 2899 whether this is indicated by the device of varied and
267 2881 2272 3022 irregular barring or left to the intelligence of the singer
270 2977 2272 3070 under the system of regular barring. And in reference
267 3060 2269 3146 to the key-signatures it must be understood that these
272 3141 2259 3254 in a general way follow the old modal system and may
272 3229 2272 3315 seem strange to singers who are only versed in modern
275 3307 2269 3400 music and modern notation. It is not a matter of
272 3388 2267 3478 actual necessity that madrigal-singers should understand
275 3476 2269 3609 the old modes, but they must at least be prepared for
1219 3559 1307 3660 2.
