2525 3933
264 171 2191 388 THE ENGLISH MADRIGAL SCHOOL
220 414 2242 535 some unaccustomed sharps and flats which are in
228 533 2216 647 strange contrast to more modern usage; these pecu¬
220 610 2237 703 liarities, in the main, range round BH and Bh, Eh and
230 698 2240 789 Eb, and Fh and Ff in the untransposed versions of
225 786 740 900 the Madrigals
367 998 2072 1128 II.—NUMBER OF SINGERS REQUIRED.
344 1164 2232 1280 Madrigals may be sung effectively either by single
225 1260 2222 1368 voices to each part or by a small chorus numbering, say,
220 1345 2235 1453 up to forty or sixty. With too large a chorus there will
228 1433 2237 1534 necessarily be a loss of flexibility; and some of the
222 1528 2229 1624 finer characteristics of complex polyphony are unsuited
228 1598 2229 1717 to massive choral treatment. Yet no hard-and-fast
217 1681 2232 1777 rule can be laid down ; details of this nature must
220 1766 2229 1880 depend upon acoustical conditions and a number of
220 1857 1898 1978 circumstances which differ in every building.
341 1916 2235 2035 In Elizabethan days, and for some time after, there
230 2020 2232 2103 were no concerts or studied performances. It is probable
1536 2113 1650 2167 T
217 2092 2297 2229 that the-Madrigals, which—were sung at informal
225 2183 2232 2307 gatherings in private houses, were seldom performed
225 2266 2232 2361 with more than two or three voices to a part, and
220 2348 2227 2483 usually less. A missing voice-part-may-occasionally
217 2428 1301 2540 have been played on a viol.
1363 2428 2175 2555 The English Singers
217 2514 2227 2641 and other bodies of solo-voices have recently demon¬
228 2589 2216 2703 strated some of the artistic possibilities of madrigal¬
235 2679 2229 2793 singing with a single voice to each part. And splendid
2131 2765 2232 2863 - a
225 2757 2110 2850 results can also be obtained from small choirs¬
220 2832 2222 2948 statement which is borne out by excellent perform¬
230 2917 2232 3021 ances given by bodies of singers, drawn, alike from
220 3005 2229 3132 country districts and large towns, to sing Madrigals
220 3093 2229 3225 in competition at the annual contests throughout the
225 3179 590 3297 Kingdom.
352 3228 2232 3360 The difficulties of extended compass in many of the
225 3347 2232 3445 alto and tenor parts may be met by associating a few
230 3419 1521 3559 tenors with the altos, and vice versâ.
1174 3512 1298 3644 28
