2525 3933
279 174 2291 397 POINTS ABOUT MADRIGAL SINGING
624 417 1947 581 III.—QUALITY AND BALANCE.
392 561 2291 724 Apart from the question of numbers, such details
272 694 2289 815 as quality and balance need to be considered. On this
279 775 2284 885 point one of Byrd's famous “ Reasons . . . . to
282 850 2279 963 perswade every one to learne to sing, may be quoted,
719 938 827 993 .*
274 936 2291 1044 for he says: There is not any Musicke of Instruments
282 1026 2281 1122 whatsoever comparable to that which is made of the
282 1109 2279 1210 voyces of Men, where the voyces are good, and the same
282 1195 2266 1328 well sorted and ordered.” And again : “The better
269 1273 1605 1386 the voyce is, the meeter it is . . .
1675 1278 2279 1388 When Madrigals
269 1356 2279 1449 are sung with single voices to a part they must of
267 1426 2276 1532 necessity be chosen for their quality, and the better
267 1524 2281 1637 they are “ the meeter it is, but, even so, balance and
264 1600 2276 1698 blending qualities must be carefully considered when
264 1688 2276 1786 groups are being formed on these lines to sing Madrigals :
269 1773 2279 1871 and certainly a keen intelligence is needed by each one
264 1849 2269 1959 of the singers. And above all things, any tendency
264 1932 2276 2047 to use the vibrato must be ruthlessly suppressed. We
259 2007 2281 2115 have no means of knowing whether the objectionable
259 2103 2276 2193 habit of vibrato singing was prevalent in Elizabethan
264 2186 2276 2276 days, as it is now, but it is scarcely to be supposed
254 2258 2269 2374 that Byrd would have regarded a voice with a vibrato
259 2354 2276 2457 as one well sorted and ordered.” It is the effect in the
254 2437 2100 2535 case of most singers of faulty methods of breathing.
382 2515 2266 2608 But people with only moderate quality of voice
252 2601 2248 2691 need not be excluded from a small chorus of madrigal¬
254 2686 2258 2794 singers if they are endowed with the necessary intel¬
257 2761 2258 2880 ligence, and if also there are some good voices associated
264 2842 2269 2958 with them. On the other hand, the question of balance
257 2922 2269 3041 must again be carefully considered, seeing that each
257 3008 2261 3124 voice-part in polyphonic music has an equal share in the
244 3101 2266 3199 melodic interest of the composition. This may not be
252 3171 2251 3264 a matter of great importance at informal gatherings,
257 3247 2266 3347 or at the private meetings of Madrigal Societies, but
241 3340 2264 3446 for anything like concert-work its importance cannot
257 3425 933 3564 be over-estimated.
1202 3513 1308 3632 29
