2525 3933
245 142 2169 377 THE ENGLISH MADRIGAL SCHOOL
281 394 2136 581 IV.—DETAILS REQUIRING PRELIMINARY
1036 536 1365 667 STUDY.
336 680 2229 839 It is an error to suppose that it is easy to sing a
207 761 2222 912 Madrigal. There are no doubt many Madrigals, and
210 887 2229 986 also Ballets, which are of a fairly straightforward kind
215 971 2222 1062 without any rhythmic complications, and these present
202 1054 2227 1163 no serious difficulty to experienced choral singers. But
210 1132 2232 1241 it has to be recognised at the outset that the true methods
212 1218 2227 1307 of singing a Madrigal differ fundamentally from those
212 1304 2207 1403 which should be employed for a part-song. In a part¬
210 1385 2229 1474 song the main interest lies as a rule in the top voice-part.
212 1471 2219 1590 All the parts move together in chords, and, speaking
215 1549 2222 1653 generally, the words coincide in all the voice-parts.
212 1630 2232 1736 In polyphonic music, however, the voices are seldom used
212 1719 2232 1817 in harmonic blocks, but they follow each other at short
212 1807 2222 1916 intervals, each in turn using a similar melodic phrase.
341 1891 2234 1977 It is scarcely possible to sing a Madrigal well at
225 1964 2234 2060 first sight, because there are so many details that
215 2047 2234 2151 must be carefully observed and considered beforehand
210 2131 2237 2247 in relation to each individual composition. In the
220 2207 2239 2320 first place the general character and meaning of the
227 2292 2234 2406 words must be considered apart from the music.
220 2376 2242 2474 The present writer’s English Madrigal Verse should be
220 2454 2244 2570 found helpful in this matter. Then the composer's
217 2540 2242 2654 work should be studied with reference to special features
225 2629 2237 2727 of the music in relation to the words. The object of
225 2712 2249 2821 this should be that singers may be in a position to
225 2788 2244 2912 understand and interpret the ideas which the composer
220 2871 2244 2990 had in his mind when he added his music to the
230 2962 2249 3084 poetry with the purpose of making its language more
230 3041 2252 3139 beautiful and its meaning clearer. Singers should be
225 3124 2249 3258 able to perceive the reason why the composer has done
230 3205 2242 3306 certain things ; some of these will be comparatively
233 3286 2244 3417 easy to discover, and some of the more subtle points
240 3377 2252 3518 will call for keener insight. A simple example of this
1198 3473 1299 3594 30
