2525 3933
270 234 2282 421 POINTS ABOUT MADRIGAL SINGING
267 446 2279 579 is afforded by the wedding bells which ring so clearly
259 554 2285 665 in Weelkes’s Take here my heart,” although the
267 640 2262 730 actual wedding is not directly alluded to in the poem
267 723 2269 806 or, again, in Farnaby's Some time she would and some
275 803 2269 897 time not, where the stroke of Vulcan’s hammer on
270 879 2285 1000 the anvil is so subtly represented in the music, although
267 970 2272 1068 it is not mentioned in the words. Rapid phrases
270 1050 2257 1161 suggesting flight, and similar devices, will be easily
259 1136 2272 1229 observed ; and such a chord as Gibbons used in The
259 1222 2264 1322 Silver Swan, at the word death, has its obvious meaning.
272 1302 2279 1416 The Madrigals are full of such points as these. Then
259 1378 2254 1494 the singers, if they are expressing sentiments of joy,
252 1466 2264 1602 must feel happy and sing with bright colour, and
257 1554 1136 1645 conversely with sorrow.
373 1627 2272 1720 Again, it is scarcely possible when singing Madrigals
257 1715 2272 1826 at sight to detect the variety of rhythms which are
257 1793 2269 1902 so frequently to be met with, especially as they are
254 1871 2257 1990 not ordinarily indicated by the composers, who trusted,
259 1965 2259 2086 perhaps too rashly, to the intelligence of singers to
257 2045 2269 2151 detect and interpret them. This is another point
259 2128 2254 2239 that must be studied carefully in a preliminary way.
254 2214 2254 2322 And one further feature must be considered either by
257 2290 2264 2383 a conductor, if a chorus is available, or by the singers
262 2378 2252 2476 jointly, if solo voices are employed : as already stated,
254 2463 2267 2577 the melodic interest in polyphonic music is distributed
257 2539 2264 2640 equally among all the parts, more than this, the part
257 2625 2257 2738 writing is so excellent that each singer, finding his own
257 2703 2257 2808 part brimful of interest throughout the composition,
257 2791 2257 2886 tends to give prominence to every note of it. This fact
259 2881 2259 2977 perhaps explains the keen delight which members of
252 2949 2257 3048 the older Madrigal Societies used to experience a
259 3033 2247 3151 generation ago in singing this music, although they
259 3123 2254 3229 were so frequently blind to its rhythmic subtleties and
249 3201 2257 3302 other points of refinement, while the general effect
252 3289 2247 3398 produced by the whole body of singers had little beauty
242 3357 2254 3463 in it. If all the interesting material in each of five or
242 3448 2254 3579 six voice-parts is simultaneously given prominence, the
1209 3549 1322 3677 31
