2525 3933
302 166 2232 385 THE ENGLISH MADRIGAL SCHOOL
254 388 2267 539 listener must inevitably become confused, not knowing
259 514 2259 607 what to select. It is, therefore, necessary for a con¬
254 597 2272 698 ductor to study the music from this point of view, and
259 675 2272 771 decide what phrases should be made prominent while
257 768 2277 879 others are lightened, so that the texture of the Madrigal
259 844 2277 952 as a whole may thus be rendered loose and flexible.
259 927 2277 1025 And the difficulties presented by the complexity of
259 1010 2267 1108 polyphonic music can be largely overcome by care¬
267 1101 2272 1199 ful attention to the relative value and emphasis that
259 1174 2272 1272 should be given to every syllable in a verbal phrase.
272 1257 2267 1383 This point will be further dealt with under the heading
259 1337 725 1473 of Phrasing.
599 1476 1937 1620 V.—EXPRESSION AND TEMPO.
373 1620 2272 1783 It has already been stated that there were no
254 1748 2269 1854 expression-marks printed in the original editions, and
244 1834 2257 1952 that variety of expression must be introduced in singing
257 1924 2277 2012 Madrigals; but since it is a feature of polyphonic
252 2005 2272 2093 music that voices enter at different moments with the
254 2088 2272 2206 same musical phrase, the changes of dynamic values do
257 2166 2272 2264 not always occur simultaneously in all the parts, as
259 2249 2272 2363 they commonly do in a part-song. Singers must be
257 2332 2247 2451 prepared for these overlapping effects, and must
257 2421 2269 2519 with a feeling of complete independence, resist what
1504 2501 1781 2541 e
249 2496 2269 2607 may be a conflicting influence coming from another
267 2577 2267 2680 voice-part at the same moment. All the expression¬
252 2665 2264 2783 marks printed in modern editions of the Madrigals are
259 2750 2264 2841 the work of the editors, and may be modified with
249 2839 2189 2927 absolute freedom at the discretion of the conductor.
380 2914 2267 3012 There were also no indications of tempo in the
254 3000 2267 3088 original editions, and this detail must be left to the
257 3088 2264 3184 discretion and judgment of the performers or their
254 3161 2267 3262 conductor, each composition being considered on its
249 3247 2267 3375 own merits. No precise ruling with a metronome can
254 3325 2267 3423 be given, for the time must vary in accordance with
249 3400 2262 3551 local conditions—the size ana resonance of the building,
1201 3536 1322 3650 32
