2525 3933
272 224 2294 438 POINTS ABOUT MADRIGAL SINGING
274 470 2284 586 the number of the singers, and other variable factors.
287 573 2289 674 In the past, Madrigals have usually been sung much
279 664 2279 780 too slowly, yet as great an error can be made by taking
284 742 2289 843 them too fast. A good musician can always feel
282 820 2291 913 intuitively the most effective speed at which to take
279 910 2289 1011 any piece of music, whatever its date, and in the case
284 986 2289 1079 of a Madrigal it must remain a matter for a musician's
282 1079 2291 1182 judgment. Certain Madrigals were intended to sound
279 1159 2291 1247 solemn and sad, but no Madrigal should ever sound
282 1227 2294 1328 dull and uninteresting. If it does, it is probable that
279 1323 2291 1413 an error has been made in gauging the tempo, or that
277 1406 2294 1529 more varied treatment is required in the matter of
287 1491 689 1617 expression.
983 1642 1600 1760 VI.—RHYTHM.
405 1803 2291 1904 This subject has already been dealt with in reference
274 1889 2296 1989 to the methods employed for indicating the less regular
282 1969 2291 2070 rhythms in The English Madrigal School series,
279 2055 2284 2143 and in that paragraph much was said that should be
282 2135 2281 2228 studied by madrigal-singers. It has been well stated
279 2223 2279 2334 that good madrigal-singing depends largely upon ability
279 2304 2281 2404 to master the varied rhythms with which the music
282 2387 2279 2492 abounds. It is admittedly a very difficult thing
282 2467 2266 2580 to interpret the independent rhythm of a single voice¬
282 2553 2284 2653 part when it is running counter to the rhythms of the
282 2631 2291 2746 other voice-parts, yet this difficulty has got to be
274 2714 2296 2819 mastered. And it will not be satisfactory to succeed
279 2797 2289 2902 in preserving the rhythmic independence of a voice-part
279 2882 2276 2995 if in the process an impression of a struggle is created;
282 2963 2279 3063 these complex rhythms must be handled with spontaneity
284 3046 2281 3156 and ease, and without the least suggestion of hostility,
282 3126 2279 3227 and this can only be done by a combination of intel¬
284 3212 2281 3327 ligence and artistry. Much can be accomplished in this
279 3290 1388 3418 matter by rehearsal of the sing
1416 3287 2198 3403 e parts independently.
412 3365 2258 3491 Looking at the subject from another point of view
279 3456 2296 3601 it must be frankly recognised that a conductor will not
1240 3561 1338 3679 33
