2525 3933
312 169 2234 385 THE ENGLISH MADRIGAL SCHOOL
257 411 2272 557 find it easy to exercise his art in the face of these varied
259 516 2285 625 and complex rhythms. Yet that is not a sufficient
259 587 2285 703 reason for ignoring their existence. The difficulties can
259 690 2277 781 certainly not be met by the conventional methods of
267 761 2279 879 beating regular time with a baton. It so happens that
267 844 2267 965 conventional and traditional methods of conducting
259 934 2262 1050 are being largely discarded at the present time in refer¬
277 1015 2277 1123 ence to music of all periods, and it is not too much to
262 1098 2262 1194 expect that the conductors will evolve some satis¬
267 1171 2282 1280 factory methods of dealing with the problem of these
267 1257 2272 1378 complex rhythms that so commonly occur in Tudor
267 1340 2254 1438 music. When, however, the rhythm changes simul
275 1431 2279 1536 taneously in all the voice-parts (whether the change is
270 1516 2269 1630 indicated by the composer or not) no serious difficulty
267 1597 2262 1728 should confront either the conductor or the singers
264 1695 1882 1816 that is simply a matter for close attention.
967 1882 1685 2018 VII.—PHRASING.
390 2058 2290 2189 Closely akin to the subject of rhythm is that of
272 2181 2277 2269 phrasing. The Madrigalists showed their genius con¬
275 2259 2269 2373 spicuously in devising musical phrases that precisely
272 2345 2277 2431 fitted the verbal phrases. Byrd ascribed his success
272 2428 2277 2521 in this detail to the beauty of the words rather than to
277 2506 2279 2602 his own inspiration, saying that the words inevitably
285 2592 2285 2682 suggested to him the right musical phrase. Good
285 2672 2272 2776 phrasing is essential to good madrigal-singing, and the
277 2758 2282 2844 key to it is to be found in the true phrasing of the words.
408 2831 2277 2954 The necessity for the clearest possible enunciation
287 2914 2282 3020 of the words in all circumstances will, of course, be
282 3007 2269 3108 realised; but more than this is required. It is a very
282 3088 2285 3179 prevalent fault among singers to suppose that the
282 3161 2282 3259 fundamental principles of diction are altered when
285 3239 2287 3363 words are set to music. Numbers of people who can
295 3322 2290 3436 speak distinctly and can phrase their sentences with
290 3413 2279 3551 varied emphasis so that their words may accurately
1234 3521 1337 3660 34
