2525 3933
268 233 2284 409 POINTS ABOUT MADRIGAL SINGING
266 446 2269 569 interpret their thoughts, yet fail signally in this detail
276 557 2254 667 when they sing. They fail in two different ways
268 637 2272 755 they give undue weight to the unimportant syllables
268 712 2272 810 and words which they see attached to musical notes
276 802 2267 900 of definitely measured length, and, on the other hand,
281 885 2267 1011 those points which should be stressed are lowered in
281 965 2267 1078 value. Thus a dull monotony results and the beauty
273 1051 2267 1153 of the words is marred. On these lines many Madrigal
273 1131 2277 1219 singers in the past seemed to take a pleasure in
266 1214 2269 1301 hammering home the music crotchet by crotchet
281 1299 2242 1384 and minim by minim with uniformly weighted stroke.
396 1374 2277 1474 In good speech, single syllables or words are picked
273 1459 2264 1565 out and made prominent by emphasis, while others,
276 1545 2279 1632 although pronounced with perfect distinctness, are
273 1625 2267 1715 lightened. In speaking, the means at our disposal for
276 1710 2267 1798 dealing with this matter depend upon two things. time
276 1800 2269 1878 and force ; a word may be prolonged or shortened, and
268 1866 2274 1966 it may also be strengthened or weakened in tone and
276 1956 2272 2051 volume. Besides these things, the speaker can use
273 2031 2269 2134 inflections varying in pitch. In singing, the inflections
273 2124 2272 2212 are provided for by the music itself, but the singer is
273 2202 2269 2302 still at liberty to employ variety of strength, and to
266 2284 2272 2387 a limited extent variety of time also. But, as regards
268 2370 2272 2452 this latter detail, whereas variety of strength may be
268 2442 2272 2545 employed as readily in song as in speech, much less
268 2538 2259 2638 latitude (except in recitative) is permissible in the matter
276 2618 2267 2723 of lengthening or shortening a word or a syllable, seeing
273 2688 2267 2798 that these are wedded to notes which have a precise
273 2778 2269 2886 mensurate value. Even here there is some scope for
278 2861 2257 2974 variety in the hands of a true artist, but it is very
268 2944 2272 3049 necessary to recognise that what may be added or
273 3014 2257 3129 subtracted from a mensurate note in these circumstances,
273 3107 2269 3210 be it ever so small, must be compensated for within the
276 3187 2267 3302 actual limits of the phrase and without disturbing the
273 3270 2277 3373 precise position of the main accents; otherwise the
281 3360 2272 3480 correct rhythmic outline will be distorted and the result
281 3438 2269 3576 disastrous. In combined vocal music singers must
1206 3523 1314 3689 35
