2525 3933
275 182 2192 404 THE ENGLISH MADRIGAL SCHOOL
225 394 2240 552 rely almost entirely upon varied emphasis for the
230 535 1004 648 purposes of phrasing.
356 585 2235 701 In polyphonic music, and Madrigals in particular,
225 689 2240 787 it is impossible to over-estimate the importance of this
230 767 2232 878 vital principle, for where the verbal phrases overlap
230 845 2222 951 in the several voice-parts, sometimes with much com¬
227 933 2232 1049 plexity, confusion can be successfully avoided owing
232 1019 2235 1117 to the fact that the stressed syllables are in a minority,
232 1107 2240 1213 and, if properly accented, these will stand out now in
230 1181 2235 1271 one voice and now in another with perfect clarity so
230 1271 2258 1357 that the whole phrase will be readily apprehended by the
230 1334 2232 1445 listener. It is in the recognition of this principle, more,
232 1435 2222 1529 perhaps, than any other, that the secret of good madrigal¬
237 1514 991 1645 singing is contained.
459 1743 2099 1852 VIII.—DISCORDS AND DISSONANCES.
356 1907 2245 2015 A few words may be said about the treatment of
232 2000 2243 2104 dissonances and harmonic clashes such as are to be
230 2089 2245 2177 found in the Madrigals. It was Byrd who warned
232 2174 2243 2268 those who might sing his music that they would find
232 2255 2243 2343 some unexpected dissonances which they must not
230 2336 2235 2444 explain away as misprints. And Byrd was not the only
237 2422 2240 2510 Madrigal composer to write these dissonances. Two
230 2497 2243 2596 kinds of dissonance may be briefly discussed here in
230 2593 2240 2679 reference to the singer's art. In the first place there
230 2671 2245 2760 are the ordinary suspensions which are prepared and
230 2755 2235 2853 resolved in the usual way. These are to be found,
240 2825 2232 2931 of course, throughout the work of the Madrigalists,
242 2911 2232 3024 but John Ward’s treatment of this device was very
225 3004 2230 3108 individual, especially in the use of double and even
230 3085 2240 3178 triple suspensions. Not infrequently his suspensions
222 3173 2243 3257 involve the simultaneous use of six different notes of
230 3249 2245 3362 the scale. Singers, when sustaining a long suspended
222 3317 2245 3448 note, should, as a general rule, use a slight crescendo, so
227 3410 2243 3549 that the discord may be emphasized to some small
1173 3526 1297 3635 36
