2525 3933
257 234 2269 385 POINTS ABOUT MADRIGAL SINGING
264 463 2274 578 extent, and the expectation of the resolution aroused
259 563 2269 664 in the mind of the listener. Secondly, there are those
267 644 2266 744 dissonances which involve the clashing of the major
269 727 2266 843 and minor third sung simultaneously, they occur,
259 812 2258 918 as a rule, between Fh and Frt or between Bh and Bb.
269 898 2269 978 These clashes were sometimes written in order to give
264 976 2274 1094 colour to some special idea or single word. Thus
1504 1059 2274 1159 O care, thou wilt
282 1059 1486 1142 Weelkes used this device in
254 1142 2264 1245 despatch me, at the word sting in the phrase So
257 1227 2269 1323 deadly thou dost sting me, and similar examples are
249 1305 2261 1403 not altogether uncommon. In such a case singers can
249 1393 2266 1481 afford to give slight emphasis to the discord, for the
254 1479 2256 1587 composer at such a moment is thinking perpen¬
254 1552 2264 1657 dicularly, and has the harmony especially in mind.
254 1640 2266 1725 But clashes of the major and minor third are also to be
244 1715 2221 1816 found when the composer is thinking horizontally,
249 1798 2261 1899 and when the harmony is not so much in his mind as
257 1886 2258 1982 the musical phrase of the two individual voice-parts.
249 1972 2241 2098 A good example of such a clash occurs in the closing
244 2052 2221 2163 passage of Byrd’s Lullaby, my sweet little baby.
249 2140 2246 2233 In such a case the dissonance must not be emphasized,
244 2211 2258 2336 but each of the two voices must sing their phrase as
244 2286 1854 2435 if quite unconscious of any conflict or clash.
370 2369 2256 2477 In conclusion, madrigal-singers must approach their
244 2472 2253 2583 task with a strong conviction that they are not handling
239 2553 2264 2636 some ancient thing whose interest centres mainly in
241 2626 2264 2726 its antiquity, but rather that English Madrigals are
252 2714 2251 2802 as full of life to-day as they were in the hour of their
252 2784 2241 2887 birth, and that they must be handled as living things,
241 2885 2261 2993 full of beauty, expressing emotions, joys, and sorrows
249 2958 2258 3053 that we experience to-day no less and no more than
226 3036 1381 3176 our Elizabethan ancestors did.
1180 3554 1288 3657 37
