2026 3003
303 1340 1121 1426 I. Ouverture de concert
1427 1347 1820 1441 Sylvain DUPUIS
305 1403 892 1483 2. Polonaise héroïque
1110 1402 1820 1498 .. H. BALTHASAR-FLORANCE
303 1456 1352 1565 3. Atala (suite extraite de l'opéra).
1423 1477 1820 1553 Juliette FolvILLE
371 1522 649 1602 a) Prélude.
377 1571 1587 1646 b) Marche sacrée. (Au son d’une marche indienne que l’on entend
435 1649 1584 1702 au loin d'abord, puis qui s'approche peu à peu, le cortège sacré com¬
433 1693 1581 1744 posé de jongleurs, de prétresses et de gardiens du temple, défile lente¬
432 1737 1590 1788 ment et se perd ensuite sous les voûtes de la forêt profonde, où l'on va
433 1780 1545 1839 célébrer par des jeux et des danses la fête du « Festin des âmes »).
427 1820 720 1890 Interme �zzo.
433 1868 1017 1954 Danse des jeunes filles.
427 1939 1581 2011 Danse armée (Les jeunes guerriers imitent en dansant les attitudes
430 1992 1572 2052 de l’homme qui combat, brandissent leurs massues et leurs hâches,
425 2050 1581 2090 manient leurs mousquets ou leurs ares, agitent leurs couteaux, se
433 2079 1423 2141 poursuivent avec une frénésie qui va sans cesse grandissant.
362 2114 996 2191 André Doria (ouverture)
1439 2100 1807 2209 J. Th.ARDOUX
290 2170 1473 2271 5. Scherzo festoso de la 3me symphonie (1858).
1507 2180 1807 2262 Ad. Aparter
362 2230 643 2295 (Fête villageoise)
296 2275 852 2363 6. Marche nuptiale
1542 2277 1814 2370 E. HUTOY
1162 2286 1261 2369 ..
