1994 3012
265 1328 1134 1443 i. Le carnaval romain (ouverture)
1418 1364 1788 1437 Hector BERLIOZ
263 1413 826 1488 2. Le déluge (prélude)
396 1468 901 1547 (Soliste : Mr Edm DE Hart).
1382 1418 1782 1511 C. SAINT-SAÈVS
297 1509 1214 1600 « En ce temps-là, les fils de l’homme étaient nombreux.
295 1576 1081 1627 « Au pays du soleil, sur les chemins poudreux,
301 1617 1066 1672 « Leurs tentes abritaient de robustes familles ;
295 1663 1081 1720 « Les anges enviaient la beauté de leurs filles
299 1704 1170 1765 « Les fils de Dieu venaient s’asseoir au milieu d’eux.
295 1765 1178 1865 « Or ceux-ci, dédaigneux de leur splendeur prémière,
297 1833 1151 1907 « Désirèrent l'amour des vierges de la terre... »
968 1875 1235 1943 (LOUIS GALLET)
261 1899 1131 1992 3. Jeux d'enfants (suite d’orchestre)
328 1968 1386 2026 a) Marche (Trompette et Tambour); b) Berceuse (La Poupée) ;
328 2019 1386 2093 c) Impromptu (La Toupie); d) duo (Petit Mari, Petite Femme);
326 2057 634 2123 e) Galop (Le Bal).
1439 1907 1786 2004 Georges Bizet
259 2085 1333 2170 4. Méditation (Ave Maria) sur le 1r prélude
468 2153 820 2231 de J. S. Bach
1460 2087 1786 2201 Ch. GOUNOD
263 2204 1786 2301 5. Hyménée (extrait d'Esclarmonde) J. MASSENET
259 2271 771 2363 6. Rapsodie...
1114 2284 1784 2379 Ed. LALO
