1962 3003
245 1500 1303 1588 1. Rousane et Ludmila (ouverture).
1408 1500 1742 1581 M. J. GLernka
254 1572 1054 1649 2. Andante de la 2e symphonie.
1069 1571 1743 1647 A. BORDINE
254 1639 582 1712 3. Sérénade.
1357 1616 1743 1694 Al. GLAZOUnow
1204 1639 1313 1698 ...
1023 1705 1075 1756 a.
249 1688 711 1770 4. Conte féerique.
1215 1677 1742 1758 Nic. Riwsky-Korsakow
1027 1735 1573 1786 en passant un terrible souverain ;
254 1756 993 1804 Dans un lieu circulaire sur le bord de l’océan,
254 1789 983 1840 il y a un chène vert ; à l’arbre est suspendue
725 1821 987 1877 (une chaine d’or,
1027 1824 1524 1891 à travers les bois et les mers ;
254 1850 861 1906 un chat savant y est attaché, et rode
255 1892 721 1949 à l'entour le jour et la nuit ;
259 1918 960 1974 quand il va à droite, il fredonne une chanson;
1027 1926 1758 2004 n’ayant pour serviteur et compagnon qu’un loup
252 1954 799 2005 à gauche, il raconte, une histoire.
254 1988 939 2054 Il y a là des prodiges : là erre un satyre ;
1074 1991 1381 2054 marche un mortier
256 2021 939 2072 là, une naïade est assise sur les branches ;
1021 2042 1658 2082 en divaguant avec une vieille sorcière ;
254 2063 837 2109 là, dans de petits sentiers inconnus,
1025 2073 1756 2117 là, périt le roi Kastchei, en regardant son or;
256 2089 983 2146 se montrent les traces de bêtes merveilleuses
1027 2110 1612 2178 là, réside un esprit russe.... là, tout
258 2122 831 2178 là, sur des pattes de poule, on voit
259 2151 885 2214 une chaumière sans portes ni fenêtres
1023 2160 1623 2224 J'y suis allé, j’y ai bu de l’tydromel ;
258 2190 973 2235 là, le bois et la vallée fourmillent de spectres
1027 2209 1609 2260 j’ai vu le chêne vert près de l’océan,
258 2222 989 2280 là, avec l’aurore, les flots battent (par milliers;
1030 2229 1752 2307 je me suis assis à ses racines, et le chat savant
258 2260 749 2318 le rivage désert et sablonneux,
1021 2276 1430 2324 m'a raconté ses histoires.
263 2291 680 2345 et trente beaux chevaliers
1017 2301 1491 2381 Je m'en rappelle une : la voici.
263 2308 847 2376 sortent en rang du cristal des ondes,
258 2357 731 2403 suivis de leur mentor marin ;
1459 2345 1721 2418 (A POUSEKINE.)
258 2392 763 2452 là, un jeune monarque capture
1025 1756 1759 1830 là, dans les nuages, devant le peuple, un sor¬
1387 1811 1758 1864 (cier emporte un héros
1021 1865 1758 1942 là, dans sa prison, une jeune reine verse des
1632 1909 1752 1950 (pleurs,
1377 1976 1753 2032 (qui la sert fidèlement :
1629 2107 1759 2150 sent la
1629 2139 1755 2190 (Russie.
1415 2402 1743 2478 Fréd. CHOPIN
1290 2420 1379 2484 ..
271 2436 571 2505 5. Nocturne
1292 2463 1746 2538 M. Moszkowski
1093 2490 1263 2555 ...
263 2471 823 2558 6. Danses espagnoles
943 2501 998 2541 -
1100 2522 1756 2610 .... P. TsCHAïK0Wsky
259 2539 940 2623 7. Marche solennelle
409 2590 1547 2664 (composée à l’occasion du couronnement de l'Empereur Alexandre III.)
