1962 3021
235 1382 787 1471 I. Marche hongroise
394 1426 1341 1528 (extraite de la « Damnation de Faust)
1369 1362 1756 1473 Hector BERLIOZ
235 1502 1307 1593 2. Janie (prélude du drame lyrique).
1341 1481 1752 1587 E. J. DALCROZE
237 1553 815 1654 3. Scènes alsaciennes
920 1566 1083 1644 ...
1162 1561 1418 1638 ....
332 1618 1600 1699 a) Dimanche matin ; b) Au Cabaret ; c) Sous les Tilleuls ; d) Dimanche soir.
1449 1557 1752 1650 J. MASSENET
307 1682 1756 1756 ... Ce que je me rappelle avec bonheur, c'est le village alsacien, le DIMANCHE MATIN,
237 1737 1756 1792 à l’heure des offices ; les rues désertes, les maisons vides avec quelques vieux qui se chauffent
235 1782 1750 1839 devant leur porte, l'église pleine.... et les chants téligieux entendus par bouffées au passage......
303 1817 1745 1873 Et le CABARET, dans la grande rue, avec ses petits vitraux encadrés de plomb, enguir
233 1860 1748 1947 landés de houblon et de Ioses.... « Oh la! Schmidt, à boire!.... » Et la chanson des gardes
235 1910 1409 1963 forestiers se rendant au tir!.... Oh! la joyeuse vie et les gais compagnons!
307 1951 1756 2004 Plus loin encore, c'était toujours le même village, mais avec le grand silence des après-midi
237 1997 1752 2046 d'été... et tout au bout du pays, la longue avenue DE TILLEULS, à l'ombre desquels, la main
239 2033 1758 2120 dans la main, marchait paisiblement un couple ameureux ; elle, doucement-penchée vers lui, et
241 2078 1088 2150 murmurant bien bas : « M'aimeras-tu toujours?...»
307 2105 1756 2183 Aussi LE SOIR, sur la grand'place que de bruit, que de mouvement!.... tout le monde sur
239 2152 1760 2215 les portes, les bandes de petits blondins dans la rue.... et les danses que rhythmaient les chants
235 2196 1754 2268 du pays.. Huit heures!... le bruit des tambours, le chant des clairons.... C'ÉTAIT LA
243 2241 1189 2304 RETRAITE!..... LA RETRAITE!.... Alsace! Alsade!
305 2245 1754 2336 Et quand dans le lointain s'éteignait le dernier roulement du tambour, les femmes appelaient
235 2323 1760 2393 les enfants sur la route... les vieux rallumaient leurs bonnes grosses pipes et au son des violons
233 2376 1544 2452 la danse joyeuse recommençait en rondes plus pressées, en couples plus serrés......
1490 2416 1754 2497 G. PiERNÉ
1365 2425 1432 2488 .
233 2427 580 2511 4. Sérénade
1168 2478 1756 2564 C. SAINT SAÈVS
233 2480 893 2569 5. a) Danse de la Gipsy
305 2545 749 2636 b) Glgue et final
438 2571 1473 2693 (extraits du ballet de l’opéra Henry VIII).
