1990 3007
264 1189 1415 1264 I. La Chasse du Jeune Henri (ouverture).
1428 1174 1776 1266 E. N. MÉHUL
260 1258 1234 1326 2. Caïn (extrait de la 6me symphonie).
1407 1255 1778 1328 AD. Aparter
264 1313 1119 1386 3. 3e Suite-d’orchestre (1re'audition)
1160 1334 1224 1377 .
392 1366 1219 1430 a) Prélude ; b) Andante ; c) Orientale ; d) Farandole.
1324 1313 1786 1403 DÈSIRÉ PAQUE
260 1417 848 1498 4. Rèverie (1re addition)
1353 1402 1774 1488 Henriette CocleT
262 1471 1774 1550 5. Le Chasseur maudit (poème symphonique). CÉsAR FRANCK
458 1531 1550 1594 C’était dimanche au matin ; au loin retentissaient le son joyeux des
394 1573 1552 1650 cloches et les cbants religieux de la foule..... Sacrilège! Le farouche comte
394 1620 878 1688 du Rhin a sonné dans son cor.
458 1645 1543 1716 Hallo! Hallo! La chasse s’élande par les blés, les landes, les prairies.
405 1712 1539 1763 — « Arrête, comte, je t'en prie, écoute les chants pieux.» — « Non, non..»
397 1744 1522 1807 Hallo! Hallo!» — « Arrête, comte, je t’en supplie ; prends garde »....
397 1786 1358 1865 « Non II ». et la chevauchée se précipite comme un tourbillon.
450 1825 1541 1876 Soudain le comte est seul ; son cheval ne veut plus avancer ; il souf¬
394 1867 1531 1929 fle dans son cor:... et le cor ne résonne plus... une voix hugubre, impla
401 1918 1513 1967 cable, le maudit ; sacrilège, dit-elle, sois éternellement couru par l’enfer.
463 1946 1550 2014 Alors les flammes jaillissent de toutes parts. Le comte affolé de
394 1997 1550 2050 terreur, s’enfuit, toujours, tou jours plus vite, poursuivi par une meute de
399 2046 1550 2095 démons... pendant le jour à travers les abimes, à minuit, à travers les airs.
1055 2080 1547 2140 (d’après la ballade de Bürger.)
267 2117 883 2210 6. Polonaise héroïque
1548 2095 1782 2183 FLOR à NCE
1277 2121 1530 2198 BALTHASAR
