<?xml version="1.0" encoding="UTF-8" standalone="yes"?>
<PcGts xmlns="http://schema.primaresearch.org/PAGE/gts/pagecontent/2013-07-15" xmlns:xsi="http://www.w3.org/2001/XMLSchema-instance" xsi:schemaLocation="http://schema.primaresearch.org/PAGE/gts/pagecontent/2013-07-15 http://schema.primaresearch.org/PAGE/gts/pagecontent/2013-07-15/pagecontent.xsd">
    <Metadata>
        <Creator>prov=READ-COOP:name=TrHtr:version=2.7.0:model_id=51170:date=20_11_2023_10:17</Creator>
        <Created>2023-11-13T18:51:47.284022</Created>
        <LastChange>2023-11-20T10:17:31.019+01:00</LastChange>
        <TranskribusMetadata docId="1599533" pageId="60352255" pageNr="24" tsid="140172280" status="IN_PROGRESS" userId="131016" imgUrl="https://files.transkribus.eu/Get?id=QCLBIFJKUHNTADOXEWRJMVXS&amp;fileType=view" xmlUrl="https://files.transkribus.eu/Get?id=VJLGGAMGUOVTPOPDBBQARAGC" imageId="48736413"/>
    </Metadata>
    <Page imageFilename="0024_kca-srdda-cpr1896-030901108859-tx-00024.jpg" imageWidth="2031" imageHeight="3016">
        <TableRegion id="t1" custom="readingOrder {index:0;}">
            <Coords points="1511,1052 1503,1492 1860,1492 1860,1055"/>
            <TableCell row="0" col="0" colSpan="1" orientation="0.0" id="t1c1">
                <Coords points="1511,1052 1510,1115 1860,1117 1860,1055"/>
                <TextLine id="t1c1_tl_1" custom="readingOrder {index:0;}">
                    <Coords points="1453,1120 1531,1110 1567,1127 1610,1107 1622,1118 1650,1110 1679,1129 1715,1114 1736,1124 1749,1112 1764,1127 1795,1114 1835,1124 1833,1070 1761,1070 1705,1049 1643,1063 1591,1038 1550,1048 1491,1036 1451,1057"/>
                    <Baseline points="1463,1098 1508,1101 1552,1101 1597,1098 1642,1101 1687,1101 1731,1104 1776,1104 1821,1107 1839,1107"/>
                    <TextEquiv>
                        <Unicode>Niels W. GADE</Unicode>
                    </TextEquiv>
                </TextLine>
                <CornerPts>0 1 2 3</CornerPts>
            </TableCell>
            <TableCell row="1" col="0" colSpan="1" orientation="0.0" id="t1c2">
                <Coords points="1510,1115 1509,1174 1860,1175 1860,1117"/>
                <TextLine id="t1c2_tl_1" custom="readingOrder {index:0;}">
                    <Coords points="1453,1196 1496,1179 1546,1194 1610,1165 1635,1179 1645,1169 1802,1177 1825,1167 1825,1131 1778,1122 1751,1135 1696,1124 1662,1131 1639,1116 1601,1114 1565,1135 1511,1112 1472,1127 1451,1120"/>
                    <Baseline points="1463,1158 1508,1158 1552,1158 1597,1158 1642,1161 1687,1161 1731,1161 1776,1164 1821,1161 1830,1158"/>
                    <TextEquiv>
                        <Unicode>AUG. SÖDERMAN</Unicode>
                    </TextEquiv>
                </TextLine>
                <CornerPts>0 1 2 3</CornerPts>
            </TableCell>
            <TableCell row="2" col="0" colSpan="1" orientation="0.0" id="t1c3">
                <Coords points="1509,1174 1504,1446 1860,1447 1860,1175"/>
                <TextLine id="t1c3_tl_1" custom="readingOrder {index:0;}">
                    <Coords points="1407,1226 1494,1223 1527,1240 1574,1221 1601,1236 1673,1223 1694,1242 1738,1228 1821,1236 1833,1234 1833,1190 1631,1179 1610,1165 1574,1192 1521,1188 1487,1209 1407,1202"/>
                    <Baseline points="1418,1221 1463,1221 1508,1221 1552,1218 1597,1218 1642,1218 1687,1218 1731,1221 1776,1221 1821,1221 1836,1221"/>
                    <TextEquiv>
                        <Unicode>Ole OTSEN</Unicode>
                    </TextEquiv>
                </TextLine>
                <TextLine id="t1c3_tl_2" custom="readingOrder {index:1;}">
                    <Coords points="363,1249 1831,1276 1804,1228 1531,1242 1325,1198 1205,1242 363,1230"/>
                    <Baseline points="373,1248 418,1251 462,1251 507,1251 552,1254 597,1254 642,1254 686,1254 731,1257 776,1257 821,1257 865,1257 910,1260 955,1257 1000,1260 1045,1260 1089,1263 1134,1260 1179,1260 1224,1260 1269,1263 1313,1260 1358,1263 1403,1263 1448,1263 1493,1263 1537,1263 1582,1266 1627,1266 1672,1266 1717,1266 1761,1266 1806,1269 1836,1269"/>
                    <TextEquiv>
                        <Unicode>Les Séandinaves donnent le nom de « 1s,###r.l.reien » aux Walkyries dont le dieu DONNER</Unicode>
                    </TextEquiv>
                </TextLine>
                <TextLine id="t1c3_tl_3" custom="readingOrder {index:2;}">
                    <Coords points="306,1299 1831,1321 1791,1270 304,1255"/>
                    <Baseline points="316,1284 361,1284 406,1287 450,1284 495,1284 540,1287 585,1287 630,1287 674,1290 719,1290 764,1290 809,1290 854,1292 898,1292 943,1292 988,1292 1033,1292 1077,1292 1122,1292 1167,1292 1212,1295 1257,1295 1301,1295 1346,1295 1391,1298 1436,1298 1481,1298 1525,1298 1570,1298 1615,1298 1660,1298 1705,1298 1749,1301 1794,1304 1836,1298"/>
                    <TextEquiv>
                        <Unicode>mène la troupe ailée à travers les nuages, dans tous les temps. Elles enlèvent les guerriers sur les</Unicode>
                    </TextEquiv>
                </TextLine>
                <TextLine id="t1c3_tl_4" custom="readingOrder {index:3;}">
                    <Coords points="378,1363 1831,1380 1831,1327 1776,1319 378,1327"/>
                    <Baseline points="388,1352 432,1352 477,1352 522,1355 567,1355 612,1355 656,1355 701,1358 746,1358 791,1358 836,1358 880,1358 925,1358 970,1358 1015,1361 1060,1361 1104,1361 1149,1361 1194,1361 1239,1361 1284,1361 1328,1364 1373,1361 1418,1364 1463,1361 1508,1364 1552,1364 1597,1364 1642,1364 1687,1367 1731,1367 1776,1367 1821,1370 1836,1367"/>
                    <TextEquiv>
                        <Unicode>Deux amoureux dedaignés font irruption au milieu d’une fête nuptiale et assaillent le francé ;</Unicode>
                    </TextEquiv>
                </TextLine>
                <TextLine id="t1c3_tl_5" custom="readingOrder {index:4;}">
                    <Coords points="318,1388 1839,1430 1837,1377 1778,1373 318,1367"/>
                    <Baseline points="328,1382 373,1388 418,1388 462,1385 507,1388 552,1388 597,1388 642,1388 686,1391 731,1391 776,1391 821,1391 865,1394 910,1394 955,1394 1000,1394 1045,1394 1089,1394 1134,1394 1179,1394 1224,1394 1269,1394 1313,1394 1358,1394 1403,1397 1448,1397 1493,1397 1537,1397 1582,1400 1627,1400 1672,1400 1717,1400 1761,1400 1806,1400 1839,1403"/>
                    <TextEquiv>
                        <Unicode>— pendant que les femmes invoquent l'aide du ciel, les Walkyries tombent en ouragan sur le lieu</Unicode>
                    </TextEquiv>
                </TextLine>
                <TextLine id="t1c3_tl_6" custom="readingOrder {index:5;}">
                    <Coords points="308,1435 1669,1447 1669,1405 1627,1403 308,1394"/>
                    <Baseline points="319,1421 364,1421 409,1421 453,1421 498,1424 543,1424 588,1421 633,1424 677,1424 722,1424 767,1424 812,1427 857,1427 901,1427 946,1430 991,1427 1036,1427 1080,1427 1125,1430 1170,1430 1215,1430 1260,1430 1304,1430 1349,1430 1394,1430 1439,1433 1484,1430 1528,1433 1573,1430 1618,1433 1663,1433 1675,1436"/>
                    <TextEquiv>
                        <Unicode>de la mélée, enlèvent les combattants et poursuivent leur chevauchée à travers les airs.</Unicode>
                    </TextEquiv>
                </TextLine>
                <CornerPts>0 1 2 3</CornerPts>
            </TableCell>
            <TableCell row="3" col="0" colSpan="1" orientation="0.0" id="t1c4">
                <Coords points="1504,1446 1503,1492 1860,1492 1860,1447"/>
                <TextLine id="t1c4_tl_1" custom="readingOrder {index:0;}">
                    <Coords points="1551,1496 1572,1491 1608,1502 1624,1494 1654,1506 1664,1500 1673,1510 1719,1492 1742,1506 1764,1496 1776,1504 1831,1502 1831,1451 1797,1451 1778,1462 1728,1451 1700,1432 1635,1451 1612,1449 1595,1434 1580,1447 1570,1439 1551,1445"/>
                    <Baseline points="1561,1487 1606,1487 1651,1484 1696,1487 1740,1487 1785,1487 1830,1487 1836,1490"/>
                    <TextEquiv>
                        <Unicode>EDV.PELGAR</Unicode>
                    </TextEquiv>
                </TextLine>
                <TextLine id="t1c4_tl_2" custom="readingOrder {index:1;}">
                    <Coords points="1428,1489 1453,1494 1481,1491 1500,1510 1531,1517 1531,1466 1513,1468 1510,1464 1496,1464 1491,1468 1473,1458 1468,1464 1462,1462 1451,1468 1428,1470"/>
                    <Baseline points="1439,1487 1484,1487 1528,1487 1534,1487"/>
                    <TextEquiv>
                        <Unicode>...</Unicode>
                    </TextEquiv>
                </TextLine>
                <CornerPts>0 1 2 3</CornerPts>
            </TableCell>
        </TableRegion>
    </Page>
</PcGts>
