2040 3012
306 1204 955 1280 I. Ouverture de concert.
1383 1205 1812 1290 Lod. HINDERYCXX
306 1280 1232 1354 2. Ballade (extraite de la Suite saxonne)
1460 1273 1804 1350 Arth. WILFORD
306 1330 1292 1403 3. Mellusina (fragments du drame lyrique)
494 1387 1492 1452 a) Interlude (chant d’amour) b) Danse des gnomes c) Epithalame.
1460 1330 1804 1411 Em. WAMBACH
300 1435 1080 1519 4. Polyeucte (Songe de Pauline).
602 1499 1268 1547 Je l’ai vu cette nuit, ce malheureux Sévère,
603 1537 1313 1577 Lachengeance á la main, l’œil ardent de colère.
595 1569 1322 1609 Il n'était point couvert de ces tristes lambeaux
603 1602 1319 1644 Qu'une ombre désolée emporte des tombeaux;
598 1628 1375 1682 Il n'était point percé de ces coups pleins de gloire
607 1668 1294 1707 Qui retranchant sa vie assurent sa mémoire,
606 1706 1301 1750 Il semblait triomphant et tel que sur son char
603 1735 1237 1782 Victorieux dans Rome entre notre César.
603 1771 1270 1808 Après un peu d'effroi que m'a donné sa vue,
601 1808 1274 1843 Porte à qui tu voudras la faveur qui m'est due.
601 1835 1140 1880 Ingrate, m'a-t-il dit, et ce jour expiré
607 1859 1200 1909 Pleure à loisir l'époux que tu m'as préféré.
610 1891 1326 1945 A ces mots j'ai frémis, mon âme s'est troublée ;
601 1935 1290 1973 Ensuite des chrétiens une impie assemblée,
601 1969 1232 2014 Pour avancer l’effet de ce discours fatal
601 2006 1226 2048 A jeté Polyeucte aux pieds de son rival.
601 2030 1306 2079 Soudain à son secours j’ai reclamé mon père;
610 2070 1334 2110 Hélas! C'est de tout point ce qui me désespère,
615 2107 1327 2149 J’ai vu mon père même un poignard à la main
610 2135 1286 2176 Entrer le bras levé pour lui percer le sein.
601 2171 1346 2211 Là ma douleur trop forte a brouillée ces images,
607 2204 1292 2247 Le sang de Polyeucte a satisfait leurs rages ;
613 2235 1280 2283 Je ne sais ni comment ni quand ils l'ont tué,
615 2271 1292 2315 Mais je sais qu'à sa mort tous ont contribué.
607 2297 994 2364 Voilà quel est mon songe
1010 2321 1256 2401 (P.ÇORNEILLE)
1495 1420 1807 1511 Edgar TINEL
1276 2378 1806 2470 Alb. DE VLEESHOUWER
1124 2396 1209 2469 .
311 2397 824 2475 5. Suite d'orchestre.
368 2456 1435 2514 a) Soir de kermesse ; b) la nuit ; c) lever du soleil ; hymne à la nature.
306 2511 1289 2571 6. Parisina (prologue du drame lyrique).
1378 2490 1803 2563 Edward Krurvels
1488 2549 1803 2626 H. VAELPUT
1317 2561 1430 2618 ..
1201 2574 1294 2631 ..
312 2554 939 2643 7. Memlinc-marsch.
