2063 3007
358 1672 732 1754 3. De Moeder
655 1702 1151 1803 Mr. HENREY FONTAINE
349 1777 1262 1882 4· De Elzenkoning, (ouverture) (1859)
882 1860 1354 1971 DEUXIÈME PARTIE
363 1929 1712 2080 5. De Pacificatie van Gent (fragments du drame lyrique)
632 2045 877 2110 a.) Ouverture
660 2061 1838 2160 (Lutte des nobles et du peuple néerlandais contre la nomination espagnole)
635 2120 1285 2209 b.) Scène d’amour entre Anna et Joris
635 2172 1105 2231 c.) Guillaume le Taciturne
674 2196 1384 2273 (Patriotisme, souffrance, grandeur, héroïsme)
635 2250 1270 2313 d.) Entrée du duc d'Albe à Bruxelles
632 2298 1137 2364 e.) La fête de la Pacification
689 2322 1468 2401 (Cortège des nobles, des Gildes, des Chambres de
677 2369 1549 2444 rhétorique avec leurs « pijpers » et fous. Joie populaire)
