1926 2966
200 1485 1079 1564 2. De Elzenkoning (ouverture) (1859)
208 1538 870 1617 3. De Pacificatie van Gent
234 1652 470 1709 a.) Ouverture
238 1741 872 1794 b.) Scène d’amour entre Anna et Joris
238 1782 687 1836 c.) Guillaume le Faciturne
238 1808 942 1879 (Patriotisme, souffrance, grandeur, héroïsme)
240 1864 850 1919 d.) Entrée du duc d'Albe à Bruxelles
236 1906 734 1963 e) La fête de la Pacification
205 1942 1360 2015 (Cortège des nobles, des Gildes, des Chambres de rhétorique avec leurs
346 1989 885 2051 " pijpers » et fous. Joie populaire.)
402 1591 1050 1679 (fragments du drame lyrique)
210 1666 1350 1761 (Lutte des nobles et du peuple néerlandais contre la vomination espagnole
1406 1731 1629 1824 PETER
1376 1814 1659 1912 BENOIT
203 2019 1346 2107 4. Artevelde’s geest (de l'oratorio - De Schelde -
356 2087 829 2162 Mr. HENREY FONTAINE
204 2152 1356 2239 5. Charlotte Corday (ouverture du drame lyrique)
724 2223 1196 2325 DEUXIÈME PARTIE
204 2325 633 2414 6. Kaisermarsch
210 2381 1166 2465 7. Der Fliegende Holländer (ouverture)
1382 2437 1662 2519 RICHARD
