2870 3864
1264 721 1720 809 VORWORT.
1502 901 2538 965 Textes in Einklang bringen mit dem bei ihm in diesein Punkte
506 896 1468 974 Mit gegenwärtiger Scarlatti-Anthologie übergebe ich
1502 956 2538 1014 sonst mit Recht gerügtem Mangel an Schüchternheit, wie er
437 965 1472 1022 dem musikalischen Publikum, speciell dem klavierspielenden
1508 994 2538 1060 ihn in seiner der Beförderung der Fingergeläufigkeit gewid¬
438 1017 1468 1068 Theile desselben, ein Seitenstück zu der vor zwei Jahren von
1505 1044 2539 1103 meten Ausgabe von Bach's wohltemperirten Klavier
425 1062 1472 1105 mir edirten Auswahl kennenswerther Klaviersonaten von
1504 1085 2532 1141 an den Tag gelegt? Seb. Bach, der nie einer Mode gehul-
430 1099 1475 1157 C. Ph. Emanuel Bach. Diesmal ist der von mir beabsichtigte
1513 1132 2528 1190 digt, nie seiner Zeit gedient, noch auch andererseits eine indi¬
430 1142 1446 1190 Zweck ein vorwiegend praktischer. Das theoretische -
1509 1174 2535 1230 viduelle Marotte oder Eigenheit der Entwickelung der Kunst
428 1186 1468 1238 historische und kritische — Interesse an dem als Virtuose und
1509 1220 2527 1280 zum Stempel aufgedrungen, bedurfte wahrlich keiner Czerny'
428 1227 1463 1273 Componist gleich hervorragenden alten italienischen Meister
1509 1264 2540 1322 schen „Retouche.“ Domenico Scarlatti, kein Genius, aber
428 1268 1467 1325 hat durch die bereits seit 25 Jahren von der Tobias Haslinger'-
1509 1309 2538 1354 ein hochbedeutendes Talent hätte dieselbe aber mit wirklichem
428 1314 1460 1365 schen Verlagshandlung in Wien unter Beihülfe des verdienst
1518 1352 2538 1395 Vortheil empfangen können. Indem ich bedaure und mich
430 1359 1475 1408 vollen Czerny veranstaltete „Gesammtausgabe der Klavierwerke
1514 1398 2535 1450 verwundere, dass Czerny seinen Beruf dazu übersehen, versuche
429 1406 1477 1456 Domenico Scarlatti’s“ seine genügende Befriedigung empfangen.
494 1452 1463 1495 Der thatsächlich gegründete Einwand einer ultraconserva¬
1509 1444 2217 1497 ich das von ihm Verabsäumte nachzuholen.
1583 1476 2538 1536 Die vorliegende Scarlatti-Anthologie ist also eine Kritik
421 1489 1475 1540 tiven Minderheit, dass diese Gesammtausgabe der Verheissung
425 1530 1476 1575 ihres Titels nicht entsprochen, indem sie kaum die Hälfte des
1509 1530 2540 1583 der Gesammtausgabe durch Czerny, im Sinne des Besser- d. h.
428 1574 1475 1619 vorhandenen Stoffes der in Rom, Lissabon, Madrid und London
1512 1574 2544 1618 Praktischer-Machen-Wollens und zwar nach zwei Seiten, nach
425 1618 1463 1660 zerstreuten Manuscripte der Oeffentlichkeit wiedererstattet habe
1509 1616 2170 1665 der formellen wie nach der materiellen.
422 1659 1468 1705 steht mit dieser Behauptung in keinem Widerspruche. Ich
1583 1661 2535 1710 Ich will mich zunächst in der ersten Hinsicht näher aus¬
430 1700 1472 1745 werde im Verlaufe dieser Zeilen auf diesen Punkt noch zurück-
1512 1706 2542 1759 sprechen. Es wird ein Jeder zugeben, dass eine Sammlung von
426 1743 1463 1803 kommen. Zuvörderst constatire ich jedoch zur Rechtfertigung
1509 1750 2540 1794 200 Stücken, ein Band von 600 Seiten Hochformat, kein popu¬
433 1787 1463 1841 gegenwärtigen Unternehmens, dass der Erfolg der Wiener Aus
1509 1790 2535 1837 läres Agitationsmittel für einen seit hundert Jahren verbliche¬
430 1837 1463 1881 gabe die an sie geknüpften Erwartungen in keiner Weise er¬
1509 1839 2538 1889 nen Autor genannt werden kann. So beträchtlich auch in den
422 1872 1468 1921 füllt hat. Die allgemeine Kenntniss der musikalischen Literatur
1514 1880 2540 1926 letzten Decennien die Sehnsucht der Musikfreunde nach der
422 1915 1476 1968 des vorigen Jahrhunderts hat davon zu ihrer Erweiterung nichts
1509 1927 2540 1974 „guten alten Zeit“ sich gesteigert, eine so unverhältnissmässige
433 1967 1468 2011 profitirt, wenn man von einer geringen Anzahl Fachmänner
1509 1971 2540 2023 Ausdehnung die Consumtion vor- und nachklassischer Musik
422 2004 1477 2050 d. h. theoretischer und praktischer Musikforscher absieht. Nach
1513 2015 2547 2068 genommen hat — das geräuschvolle Spuken der Gespenster
428 2050 1472 2093 wie vor stützen die Klavierpulte von Scarlatti’schen Compo¬
1517 2057 2544 2107 Couperin und Rameau unter Anderen giebt hiervon den
422 2092 1481 2133 sitionen lediglich jene allerdings sehr beliebt gewordenen drei
1510 2103 2544 2159 auffallendsten Beleg — die Wiedererweckung eines todten
422 2130 1485 2180 Stücke (No. 50, 52 und 199 der Wiener Ausgabe): Tempo di
1508 2139 2538 2197 Meisters von nicht allererstem Range ist durch derartige Massen¬
430 2174 1472 2220 ballo D 3, Sonate A C und die mehr als Curiosität wie als
1509 2186 2538 2245 schleuderungen, durch En-gros-Beglückungen ähnlichen Um¬
422 2217 1460 2265 Gegenstand von wirklichem Kunstwerthe verbreitete „Katzen
1513 2221 2547 2287 fangs schwerlich zu fördern. Wie viel Musiker von Profession
428 2261 711 2318 fuge“ G moll %.
1514 2265 2543 2331 werden bekennen dürfen, dicsen Folianten von der ersten bis
496 2302 1468 2355 Für das grosse Publikum ist also die alte Lücke geblieben,
1509 2317 2546 2370 zur letzten Seite aufmerksam gelesen oder gespielt zu haben?
422 2347 1468 2392 eine Lücke, die zu beklagen ist und die deshalb zu neuen Ver¬
1508 2354 2538 2420 Das Liebhaberpublikum ist noch weniger aufgelegt, sich Ge¬
422 2389 1473 2438 suchen der Abhülfe reizen darf. Denn jeder Kenner wird ohne
1508 2399 2540 2461 schmacksurtheile auf eigne Kosten zu bilden und scheut be¬
422 2438 1473 2486 Bedenken die Worte unterschreiben, welche Czerny in seiner
1514 2446 2542 2502 greiflicher Weise die Mühe der Sonderung und Sichtung eines
430 2475 1477 2528 Vorrede zur Wiener Ausgabe der Würdigung des Scarlatti’schen
1512 2481 2544 2547 Materials, das im Ganzen zu geniessen und zu verdauen nur
430 2519 757 2579 Nachlasses widmet:
1512 2530 2540 2599 dem von einer Specialmanie Besessenen zugemuthet werden
524 2556 1477 2610 „Seine zahlreichen Compositionen für das Klavier sind
1509 2568 2544 2642 kann. Es zeigt sich hier wie in fast allen anderen Bereichen,
461 2604 1479 2661 „in jeder Hinsicht der Aufbewahrung werth, sowohl wegen
1514 2616 2544 2681 dass ein geistiges Bedürfniss Genüge nur dann finden kann,
461 2650 1468 2700 „ihrer eigenthümlichen, über jede Mode hervorragenden
1518 2662 2544 2723 wenn die dargebotene Befriedigung weder ein Zuviel noch
455 2693 1477 2747 „Originalität, wie auch wegen der in denselben wehenden
1514 2706 2544 2764 ein Zuwenig repräsentirt. Ueber kurz oder lang wird sich
461 2735 1479 2786 „patürlichen und heiteren Lebensfrische einer damals in ihrer
1510 2740 2543 2816 die Nothwendigkeit herausstellen, selbst von Haydn's und
455 2779 1475 2833 „Jugendkraft aufblühenden Kunst, endlich — und dies ist
1512 2788 2532 2850 Mozart’s Klavierwerken (Sonaten, Duo’s, Trio’s) Chresto-
458 2814 1469 2870 „praktisch die Hauptsache — des grossen Nutzens wegen,
1509 2839 2542 2896 mathieen zu veranstalten — im wohlgemeint — conservativen
455 2863 1463 2923 „den das Studium derselben noch jetzt jedem Pianisten ge¬
1513 2867 2540 2941 Interesse. Ein Verein competenter musikwissenschaftlicher
461 2908 719 2961 „währen muss.“
1512 2915 2539 2988 Köpfe oder eine berufene, genügend anerkannte Autorität wird
487 2939 1475 3002 Es implizirt keine Verkennung der redlichen Kunstabsichten
1509 2968 2542 3030 sich, um die Unsterblichkeit dieser klassischen Meister auf
425 2992 1469 3043 und der vielseitigen Tüchtigkeit des Czerny’schen Wirkens,
1508 3005 2538 3074 einem kleiner, ihr Genie nur in Miniatur abspiegelnden Ge¬
422 3031 1473 3088 wenn ich für den Misserfolg seiner Ausgabe in den Mitteln,
1514 3042 2534 3129 biete zu retten, zu einer Amputation der sterblichen, beziehungs¬
422 3075 1468 3131 deren er sich theils bedient, theils sich zu bedienen unterlassen,
1517 3088 2436 3156 weise bereits abgestorbenen Theile entschliessen müssen.
422 3123 1473 3174 die zureichende Erklärung finde. Sein Ausgangspunkt war ein
1586 3125 2544 3211 Wenn mir bezüglich Scarlatti's eine soiche Amputation
422 3160 1475 3215 unrichtiger; der Schluss der soeben citirten Aeusserung lasst
1513 3177 2542 3246 nothwendig erschien, um wenigstens den Extract seines musi¬
422 3206 1468 3256 ihn errathen: Die Betonung der technischen Nützlichkeit.
1510 3215 2535 3299 kalischen Geistes der klavierspielenden Welt zu dauernder Ver¬
428 3251 1465 3297 Offenbar wollte Czerny der musikalischen Welt einen zweiten
1517 3263 2539 3341 werthung wieder zuzuführen, so stütze ich mich auf eine reale
429 3291 1461 3342 Clementi octroyiren, eine Vorschule zum „Gradus ad Par
1513 3297 2550 3395 Thatsache, die von etwaigen Gegnern der soeben gethanen
421 3329 1463 3395 nassum.“ Wie liesse sich sonst die Sorglosigkeit des Heraus¬
1513 3340 2229 3413 Prophezeiung nicht gelengnet werden kann.
425 3374 1476 3442 gebers um eine Säuberung des einer solchen so sehr bedürftigen
1574 3389 2539 3487 Meine Auswahl hat sich daher vorläufig auf nur achtzehr
