2866 3869
301 401 1347 456 Stücke aus den zweihundert der Wiener Ausgabe beschränkt,
302 449 1348 492 von denen ich je sechs zu einem Hefte in Form der Suite zu
298 503 1348 544 vereinigen praktisch fand. Die Gedrängtheit und Kürze aller
305 546 1346 590 seiner Compositionen befürwortet einen Vortrag derselben in
297 574 1352 623 einer gewissen Reihenfolge. Die gewohnte planmässige Ab-
302 618 1352 662 wechselung in dieser Reihenfolge begegnete aber einem ausser¬
298 661 1358 722 gewöhnlichen Hindernisse. Auf Adagios, auf langsame lyrische
294 708 1358 756 Stücke hat sich Scarlatti fast gar nicht eingelassen, sei es, dass
297 756 1355 793 ihn sein musikalisches Naturell und sein Virtuosentemperament
297 796 1352 845 davon fern hielt oder das verständige Bewusstsein des beschränk¬
294 841 1356 883 ten Ausdrucksvermögens der tonlosen Tasteninstrumente seiner
300 875 1355 923 Zeit. Ich war also bemüht, einen Ersatz durch Mannigfaltigkeit
294 927 1356 982 der Tactart und charakteristischen Stimmung anzuordnen, und
300 966 1348 1008 habe mir auch gestattet, Stücke aus verwandten Tonarten auf-
290 1012 1360 1059 zunehmen, wie dies zwar bei der dreisätzigen Sonate stets
300 1053 1362 1097 üblich war, dagegen bei der Bach’schen und Händel’schen Suite
306 1098 1352 1142 ausgeschlossen. Charakteristische Ueberschriften für die einzel¬
294 1141 1346 1188 nen Stücke schienen mir nothwendig: der Gattungsbegriff „So-
314 1185 1356 1232 nate“, d. h. Klangstück — zum Unterschiede von „Cantate“,
288 1224 1360 1275 Sangstück — hat wie jeder allzu weit gefasste Gemeinbegriff
297 1275 1355 1320 einen Beigeschmack physiognomieloser Langweiligkeit, von der
301 1316 1346 1359 sich das Publikum im Allgemeinen leicht abstossen lässt, wäh¬
300 1360 1358 1404 rend durch eine unschädliche Aeusserlichkeit, wie die bestimm¬
317 1403 1366 1453 terer Erkennungszeichen durch besondere Titel, dem Interesse
314 1446 1358 1483 Vorschub geleistet werden kann. So viel betreffs des For¬
312 1486 1354 1533 mellen der Anthologie. Bevor ich über meine kritische Be¬
312 1531 1367 1573 arbeitung des Inhalts einige Worte der Erläuterung sage, dünkt
309 1578 1360 1624 es mich angemessen, den Leser betreffs des mir vorliegenden
309 1621 1364 1663 Materials „au fait“ zu setzen, namentlich betreffs seiner von
309 1663 1364 1711 mir Eingangs dieser Zeilen behaupteten Zureichendheit für eine
314 1705 1331 1751 historisch-kritische Würdigung des Autors und seines Styles.
381 1751 1370 1798 Die Haslinger-Czerny’sche Gesammtausgabe, trotz des für
314 1787 1346 1839 ihre Verbreitung gefährlichen Volumens, ist selbst gewisser
312 1836 1367 1883 massen nur ein Excerpt aus dem handschriftlichen Schatze des
313 1878 1356 1926 berühmten eifrigen Sammlers Abbate Fortunato Santini in
309 1923 1358 1966 Rom. Desselben Collection Scarlatti’scher Klavierstücke zählte
294 1967 1358 2016 349 Nummern, wie der in seinen Angaben höchst zuverlässige
312 2009 1360 2060 Fétis (Biographie universelle des musiciens) und der russische
309 2053 1358 2107 Musikschriftsteller Wladimir Stassoff in einer 1856 in Flo-
309 2096 1358 2143 renz edirten Broschüre über die Santini’sche Bibliothek überein¬
306 2149 1370 2188 stimmend aussagen. Santini, dessen hoher Verdienste bereits
306 2181 1358 2230 Thibaut in der bekannten 1826 erschienenen Schrift „über Rein¬
302 2226 1355 2275 heit der Tonkunst“ erwähnt und den Fétis an unzähligen
297 2271 1360 2317 Stellen seiner Encyclopädie als Gewährsmann anführt, wurde
312 2310 1354 2361 von den Wiener Unternehmern um Mittheilung seiner Samm¬
312 2355 1358 2403 lung angegangen, welchem Verlangen er unter der ausdrück¬
312 2398 1355 2448 lichen Bedingung entsprach, dass seiner Gefälligkeit keine
309 2442 1358 2489 öffentliche Belobung ertheilt werde. Man darf unbedenklich
300 2485 1352 2531 Czerny's Urtheilsvermögen so viel Vertrauen schenken, um an¬
312 2532 1360 2583 zunehmen, dass er kein Quidproquo in der Auswahl begangen
302 2573 1355 2622 und den von ihm unbenutzt zurückgelegten 149 Stücken nur
309 2612 1360 2664 eine untergeordnete Bedeutung beizulegen ist. Es bliebe nun
300 2660 1362 2706 noch zu ergründen, ob die Santini’sche Sammlung einen Anspruch
300 2704 1348 2758 auf approximative Vollständigkeit erheben könne. Die Nach-
309 2741 1355 2802 richten von der grossen Productivitüt des alten Meisters, von
312 2798 1358 2840 seinen vielen Reisen und den mehrjährigen Stationen, die er
309 2833 1352 2889 z. E. in Venedig, London und Lissabon gehalten, und die zwi¬
309 2872 1355 2929 schen die Hauptabschnitte seiner Ansässigkeit in Rom und für
316 2916 1355 2971 die letzte Hälfte seines Lebens in Madrid fallen — könnten
309 2963 1355 3016 erhebliche Zweifel daran erwecken, indem sie die ausserordent¬
314 3004 1360 3058 liche Schwierigkeit der Vereinigung der vielfach zerstreuten
317 3047 1355 3114 Documente seines Schaffens in Einer Hand veranschaulichen.
1054 3258 1161 3312 cresc.
1390 396 2441 457 Abbate Santini war aber ein Fanatiker in der Verfolgung
1392 451 2438 498 seiner Lebensaufgabe und dass er sich nicht begnügt, die in
1390 492 2438 543 Rom befindlichen Manuscripte seiner Bibliothek einzuverleiben,
1395 534 2438 582 dafür sprechen eine Menge thatsächlicher Einzelnbelege, unter
1395 579 2131 623 denen ich nachfolgende kurz erwähnen will.
1455 611 2437 665 Das Stück No. 124 der Wiener Ausgabe — ich habe das¬
1395 659 2424 712 selbe unter dem Titel Bourrée der dritten Suite eingereiht —
1395 704 2437 756 stammt erwiesenermassen aus Aranjuez und aus dem Jahre 1754,
1399 749 2438 796 ist also drei Jahre vor seinem Tode (den Czerny irrthümlich
1399 793 2434 844 in das Jahr 1760 verlegt) componirt. Eine Sonate Gmoll 3
1400 836 2438 880 wird ferner von Chr. F. Michaelis im zweiten Bande seiner
1402 877 2438 928 Uebersetzung und Ergänzung von Thomas Busby's Geschichte
1399 923 2438 968 der Musik (Leipzig, Baumgärtner, 1822) als Beilage gegeben
1395 972 2442 1016 und bekennt der Uebersetzer, sie einem Hefte entnommen zu
1395 1012 2438 1066 haben, das den Titel führt: VI Sonate per il Cembalo solo,
1395 1054 2437 1103 composte del Sgn. Don Domenico Scarlatti, cavaliere di San
1395 1101 2430 1150 Giacomo in Madrid; alle spese di Giov. Ulrico Haffnero, suona¬
1395 1141 2441 1198 tore di liuto in Norimberga. Diese Sonate, die ich — beiläufig
1399 1186 2428 1236 gesagt — nicht bedeutend genug fand, um sie in meine An-
1399 1229 2444 1272 thologie aufzunehmen, befindet sich in der Wiener Ausgabe als
1399 1272 2437 1325 No. 16, gehörte somit ebenfalls zur Santini’schen Sammlung.
1395 1315 2430 1362 Derselbe Michaelis erwähnt noch als in seinem Besitz befind¬
1395 1359 2437 1404 lich: XXX Sonate per il Clavicembalo, dedicate alla sacra Real
1395 1404 2437 1454 Maestà di Giovanni V, re di Portogallo etc. da Don Domenico
1390 1443 2432 1493 Scarlatti—Amsterdam und berichtet darüber: auch diese So¬
1395 1485 2433 1535 naten bestehen nur aus 29 einzelnen Allegro’s und Presto’s, sowie
1395 1534 2438 1578 einer Fuge Moderato % u. s. w. Die hier bezeichnete Fuge ist
1395 1574 2438 1618 offenbar keine andere, als die aus Fmoll, welche ich in die
1392 1616 2430 1667 zweite Suite der Anthologie aufgenommen habe, das letzte
1407 1661 1855 1709 Stück der Wiener Ausgabe.
1467 1691 2436 1757 Aus obigen Daten, denen ich noch andere beifügen könnte,
1398 1743 2438 1803 glaubte ich zu Gunsten einer kritisch massgebenden Vollstän¬
1395 1790 2441 1836 digkeit der Santini’schen Sammlung bez. der Wiener Ausgabe
1395 1836 2430 1891 argumentiren zu können und diese letztere, mir allein zugäng¬
1404 1878 2426 1929 liche mit gutem Gewissen für hinreichend zu meiner Orien¬
1404 1917 2255 1967 tirung über den Componisten betrachten zu dürfen.
1470 1963 2438 2017 Ich gehe nun über zum zweiten Punkte, zur Rechtfertigung
1398 2010 2438 2054 meiner Ansicht von der Nothwendigkeit einer kritischen
1395 2050 2426 2100 Bearbeitung des mir zu Gebote stehenden Stoffes. Gewisser-
1395 2093 2433 2141 massen könnte ich mich hiervon dispensiren, indem ich einfach
1395 2136 2426 2183 die Urtheilenwollenden auf die Vergleichung mit der Original¬
1395 2176 2433 2226 ausgabe verweise. Anderenfalls könnte ich nur die in meiner
1400 2224 2432 2271 Vorrede zu C. Ph. Emanuel Bach’s Sonaten dargelegten Grund¬
1399 2267 2434 2315 sätze wiederholen. War jedoch bei beiden alten Meistern gleich¬
1395 2310 2433 2355 mässige Veranlassung zu specifisch-musikalischen Zuthaten und
1411 2353 2436 2399 Weglassungen geboten, so war dieselbe nicht immer von glei¬
1395 2403 2434 2458 chen Rücksichten dictirt, wovon ich eine kurze Erläuterung
1398 2438 1588 2497 geben will.
1470 2470 2436 2527 C. Ph. Em. Bach schrieb einen tadellos reinen musikalischen
1402 2525 2441 2569 Satz, instrumentirte aber bisweilen unerträglich leer, dünn und
1398 2568 2438 2615 skizzenhaft und missbrauchte namentlich in den langsamen
1399 2608 2434 2662 Sätzen die „agrémens“ und „flattés“ bis zum Ueberdruss;
1395 2656 2437 2711 Scarlatti wusste entsprechender für das Instrument zu setzen.
1399 2691 2436 2747 auch ist seine Erfindung markiger, conziser. Ohne ferner viel
1402 2741 2433 2793 Gelegenheit zu bieten, ihn als Polyphoniker zu bewundern, be¬
1390 2779 2436 2836 fleissigte er sich nicht selten einer beinahe die Grenzen des
1398 2829 2430 2876 Möglichen überschreitenden Vollstimmigkeit. Eine der stärk-
1395 2869 2426 2922 sten Proben dieser Tendenz, für welche die Bezeichnung „Feuer¬
1392 2913 2434 2965 lärm“ nicht unpassend gewählt sein dürfte, findet sich auf
1390 2961 2437 3015 S. 205 der Wiener Ausgabe, letzte Zeile. Ich copire sie, da sie
1392 2999 2434 3052 in ihrer, übrigens nicht unmethodischen, Tollheit den Leser
1390 3044 2436 3107 interessiren wird. Aehnliche Beispiele findet man S. 6, 84, 85,
