2870 3864
1575 312 2624 381 der ganzen Sammlung entdeckt, in dem nicht eine gewiss
508 320 1538 394 91, 92, 138, 139, 189 ff. u. s. w. der W. A., welche zeigen, dass
1575 376 2648 429 Neigung zu derjenigen Unart auftauchte, welche Sebastian
506 387 1538 445 obiges Citat nicht als Ausnahme zu betrachten ist. Dergleichen
1573 405 2642 474 Bach mit dem durch seinen Gebrauch desselben statthaft ge¬
508 432 1530 484 mag auf den Clavichorden des 18. Jahrhunderts, wegen ihrei
1570 455 2642 514 wordenen Ausdrucke „Mantschen“ — wenn ich nicht irre, dem
514 479 1530 532 Unfähigkeit weiter zu tönen, weniger hässlich geklungen haben
1573 506 2637 561 königl. sächs. Dialekte entlehnt — belegte. Forkel in seiner
506 519 1530 569 als auf dem heutigen Flügel, der eine so excentrische Manier
1581 553 2634 612 bekannten Skizze über Bach's Leben und Schaffen (S. 40) ex-
506 567 1528 622 die „Acciaccatura“ (Quetschung) anzuwenden, nicht mehr ge
1575 593 2282 662 plicirt, dass er darunter verstanden habe:
508 606 1533 659 stattet. Es schien mir praktisch, dem heutigen Publikum die
1673 622 2634 696 „Das unordentliche Durcheinanderwerfen der Stimmen
511 651 1528 707 Wiederauftischung davon zu ersparen, als nicht geeignet, Sym
1604 672 2634 747 „so dass ein Ton, welcher in den Tenor gehört, in den Alt
514 702 1401 755 pathie für den Autor zu erwecken oder zu befestigen.
1610 720 2632 794 „geworfen wird und umgekehrt, das unzeitige Einfallen ver-
564 733 1543 797 In der Stimmenführung beleidigt ferner Scarlatti sehr häufig
1612 770 2634 842 „schiedener Töne bei einzelnen Harmonieen, die wie vom
506 786 1543 831 Auge und Ohr dergestalt, dass er Ausbesserungen provocirt, zu
1612 813 2634 879 „Himmel gefallen, die angenommene Anzahl der Stimmen
508 829 1530 879 denen mitunter nur wenig Geschicklichkeit und Witz erforder
1610 858 2634 921 „auf einer einzelnen Stelle plötzlich vermehren und auf der
508 874 1528 924 lich ist. Möglich, dass die meisten der bezüglichen Unsauber
1607 905 2338 974 „folgenden plötzlich wieder verschwinden.“
506 916 1536 964 keiten mehr einer Flüchtigkeit in der Aufzeichnung als einer
1639 935 2629 1003 Selbst den grossen Händel ertappte man in seinen Klavier-
508 964 1533 1006 Nachlässigkeit und Incorrectheit musikalischen Denkens anzu
1573 995 2634 1046 werken so häufig auf dieser Thätigkeit des „Mantschens“, dass
508 1006 1546 1059 rechnen sind. Wenigstens zeichnet sich die schon berührte
1573 1038 2634 1091 es ungerechtfertigt wäre, Scarlatti's Ansprüche auf den Namen
506 1046 1549 1096 Fmoll-Fuge durch eine sehr reine Satzweise aus, und wenn
1573 1078 2634 1136 eines guten Musikers durch dergleichen Lüderlichkeit (die
500 1091 1546 1146 sie nicht gerade durch ihre Künstlichkeit in Erstaunen setzt,
1573 1125 2632 1183 auch im freien Satze nicht zu statuiren ist) niedriger zu notiren.
498 1136 1541 1194 so ist sie immerhin als ein gutes Musikstück zu betrachten,
1583 1170 2629 1223 Auch sein übermässiges Wohlgefallen an verdeckten und offenen
500 1181 1536 1236 abgesehen von ihrer rhythmischen Originalität und Lebendig¬
1581 1220 2632 1273 Quinten- und Octaven-Parallelen oder seine Gleichgültigkeit
506 1223 1536 1276 keit. Gleiches Zeugniss ist einer anderen Fuge Dmoll ( aus¬
1573 1263 2632 1321 gegen deren Missklang, erlaubt die Annahme mildernder Um¬
500 1271 1538 1321 zustellen (No. 198 der W. A.), die sich sogar als Doppelfuge
1567 1308 2632 1358 stände. Nichtsdestoweniger glaubte ich ihn in diesen Beziehungen
508 1313 1543 1366 anlässt, mir aber ihrer Organistenmässigen Ledernheit wegen
508 1358 1101 1411 mittheilungsunwerth erschienen ist.
1581 1356 2634 1408 gründlich abstäuben zu müssen, was ich betreffs Händel's für
564 1385 1554 1459 Im Uebrigen habe ich aber kaum ein einziges Stück in
1573 1401 2634 1456 ebenso unumgänglich erachte. Ich habe folglich Stellen, wie:
495 1779 1546 1864 euphonisirend berichtigt oder ausgemerzt. In Ansehung ver-
1573 1792 2629 1877 sich jedoch mit wenigen Worten ausdrücken lässt, weshalb ich
495 1861 1538 1917 einzelter Interpolationen fand ich vom rhythmischen Stand-
1567 1872 2632 1919 es der Mühe lohnend gehalten, in die Fusstapfen Czerny’s zu
506 1909 1551 1957 punkte eine so gebieterische Nothwendigkeit vor, dass mir eine
1570 1911 2629 1970 treten und zur Wiedererweckung einiger Compositionen des
498 1938 1183 1996 nähere Motivirung überflüssig erscheint.
1570 1964 2632 2012 alten Meisters einen neuen Versuch zu machen, dessen eventuelle
567 1980 1538 2047 Die Beurtheilung meiner kritischen Bearbeitung Berufener
1575 1996 2624 2054 Fortsetzung von der Empfänglichkeit des Publikums abhängt,
498 2025 1549 2086 zu erleichtern, nenne ich schliesslich die von mir auserlesenen
1575 2044 2626 2097 so resümire ich mein Urtheil über Scarlatti dahin: er war kein
508 2076 1083 2134 Stücke nach der Wiener Ausgabe.
1570 2084 2626 2139 Epigone, sondern ein Progone. Haben wir C. Ph. Em. Bach
575 2099 1538 2171 Die erste Suite (G) der Anthologie enthält die Nummern
1567 2129 2624 2184 als Vorläufer Haydn's und Mozart's zu betrachten, so sehen wir
498 2163 1546 2211 192, 19, 13, 44, 54 und 197; die zweite (Fmoll): 59, 200, 115,
1567 2174 2624 2234 Scarlatti sogar noch weiter hinaufweisen: es pulsirt bereits in
498 2213 2626 2272 163, 72, 194; die dritte (D): 36, 176, 149, 124, 179, 79. Um ihm eine der Hauptadern des Beethoven’schen Geistes. Den
508 2253 1543 2301 vollkommen gewissenhaft zu sein, bemerke ich noch, dass ich
1573 2264 2624 2325 einleuchtendsten Beleg dazu liefert das Scherzo (Fdur Suite II,
506 2293 1551 2351 die 59. Sonate von Gmoll nach Fmoll zu transponiren zweck¬
1567 2295 2624 2367 No. 6), an dem ich am wenigsten zu retouchiren gehabt. Humor
500 2335 802 2404 mässig gefunden.
1570 2348 2629 2415 und Ironie treten bei Scarlatti zum ersten Male in die tonliche
1578 2388 2626 2457 Erscheinung. Fasst man diese Begriffe vom leider noch nicht
1573 2433 2632 2502 thatsächlich ganz überwundenen Standpunkte des Hegel’schen
567 2449 1546 2520 Biographisches über den Meister, seine Studien, seine Kunst¬
1570 2486 2621 2544 afterphilosophischen Jargon's auf, so riskire ich wegen meinen
503 2518 1549 2563 reisen und Wirkungskreise, über seine Compositionen auf dem
1570 2528 2626 2579 Aeusserung, verketzert zu werden. Ich halte mich aber an
500 2560 1543 2608 dramatischen, überhaupt dem vocalen Gebiete, über seine musi¬
1573 2568 2621 2626 Arthur Schopenhauer, den Restaurator des gesunden Menschen
508 2600 1538 2655 kalischen Ascendenten, Descendenten und Agnaten, findet de
1573 2605 2629 2663 verstandes, welcher in seiner schlagenden populären Weise den
498 2645 1546 2695 Leser in Fétis: Biographie des musiciens und C. F. Weitz-
1573 2645 2624 2706 Humor definirt als den hinter den Scherz versteckten Ernst
498 2690 1543 2732 manns für die Erkenntniss des geschichtlichen Zusammen-
1575 2698 2621 2751 die Ironie als den hinter den Ernst versteckten Scherz. Für
498 2735 1549 2790 hanges der älteren Klavierliteratur überaus wichtigen Geschichte
1575 2740 2624 2817 die musikalische Aesthetik ist diese Erklärung jedenfalls ebenso
506 2775 1533 2822 des Klavierspiels u. s. w., Stuttgart, Cotta, 1863. Eine Para
1573 2780 2039 2849 erschöpfend, als brauchbar.
500 2820 1549 2870 phrase des daselbst angesammelten Stoffes konnte ich mir als
1641 2830 2041 2920 Berlin, 26. Juni 1864.
500 2867 1551 2918 eine Journalistenarbeit ersparen. Ebenso nehme ich Umgang
506 2904 1543 2955 von einer beschreibenden Charakteristik seiner Compositionen
500 2952 1557 3005 die vollständig selbst sagen, was sie zu sagen haben. Da
1978 2923 2571 3034 Dr. Hans v. Bülow.
1498 3016 1581 3071 8161
