8533 11233
3729 1438 5319 1717 G.P.ADAPALESTRINA.
1628 1635 4399 1937 Lillustre Palestrina, l'un des crésteurs de l'harmonie
4694 1669 7506 1978 Lillustre Palestrina, uno dei crcatori dell'harmonia ,e capo dell
1531 1881 4340 2138 et l'un des chefs de l'ancienne Ecole Romaine ,étoit né en
4574 1911 7495 2187 antica schols Roman, nacque nell'anno1529 a Palestrina, anti¬
1505 2075 4351 2354 1529 à Palestrina autrefois Preneste, petite ville de l'état
4552 2123 7502 2380 camente Prenesto, piccola città de lo stato Romano, d'onde
1505 2272 4392 2563 Romain, dou les Biographes modernes l'ont appellé quelque¬
4600 2321 7431 2567 viene chei Biographi moderni L'hanno tal volla chiamato il
1479 2492 4328 2764 fois Prenestino :II étudia son art sous le célébre Goudime
4574 2522 7476 2760 Prenestino, fece i suoi studi della scienza musicale sotto il
1512 2682 4358 2969 de Besançon, l'un des meilleurs maîtres de l'ancienne Ecole
4582 2708 7484 2969 cclebre Gaudimelli di Besanzone ,uno de gli Eccellenti maestri
1512 2902 4399 3163 Françoise, qui n'ctoit ellemême qu'une émanstion de l'EcoleFla
4574 2920 7569 3192 dell'antica schola Francese, originaria della Fiamminga la pri¬
1475 3092 4314 3371 mande, la premicre qui ait fleuri lors de la renaissance des
4515 3129 7510 3371 mache fiori nella rinascenza delle arti, e che puol riguardarai
1509 3300 4306 3587 Arts, et qui doit être regardée comme la mere de toutes
4574 3345 6273 3583 come la madre di tutte le moderne.
1501 3516 2630 3762 les! Ecoles modernes.
4682 3505 7491 3773 Malgrado chei fossenato da Parenti oscuri e poveri, Laltezra.c.
1628 3695 4321 3986 Quoique ne dans l'indigence et l'obscurité, la heauté de
4556 3691 7480 3986 l'Eccellenza del suo Genio molto non tardo a metterlo nel primn
1512 3926 4321 4187 son génie ne tarda pas à le placer au premier rang parmi
4563 3926 7506 4224 rango degli autori i più scentifichi; cuna circostanza particolare
1501 4120 4366 4429 les compositeurs: Une circonstance particuliére vint contri-
4563 4135 6407 4384 servi non poco alla sua illustrazione
1479 4336 2749 4578 buer à son illustration:
4682 4302 7480 4582 Verso la metà delXVI secolo i contrapuntisti avende portato!
4556 4533 7480 4772 nelgrado il più eminente L'invenzione della fuga et de i Canoni,
1609 4515 4299 4790 Vers le milieu du 16? Siécle les Contrapuntistes ayant
4582 4734 7506 4988 abusavano di questa arte à segno di tormentare senza aleun ri¬
1512 4738 4265 4973 porté au plus haut dégré les fugues, les canons et toutes
4544 4936 7510 5181 guardo le parole sacre che metterano in musica, facendole solamente
1501 4932 4295 5196 les inventions artificieuses avoient pris un tel goût à ce
4563 5133 7502 5383 servire a i loro artifiziosi calcoli, e trascurandone il vero senso
1501 5144 4310 5379 gehre de compositionque dans la musique d'Eglisesurtout, ils
4533 5338 7461 5584 Testimonio di questo misfatto, il Papa Marcello IIregnante nel 1555
1501 5342 4328 5602 négligcoient absolument le sens des paroles pour se livrer
4552 5524 7498 5785 Risolseperportar rimedio a tanta Licenzia, di totalmente interdire
1494 5539 4291 5796 à des recherches de toute espece,: Témoin de cet abus, le
4567 5744 7487 5986 la musica nella celcbrazione del divino officio. Ma nel mentre che
1483 5744 4355 5986 Pape Marcel II, qui regnoit en 1555 résolut, pour y remédier,
4571 5938 7476 6184 questa risolutione deveva eleguirsi, Palestrina,havendo allors
1494 5930 4328 6191 d'exclure entiérement la Musique de la célébration de l'office
4544 6135 7450 6388 26 anni, si presento al sommo Pontiffice, et offri di far sentire
1494 6135 4362 6388 divint Au moment où cette résolution alloit être exécutée,
4563 6332 7502 6590 una Messa da lui composta, dove lo style Religioso era scrupolosa¬
1505 6344 4280 6590 Palcstrina, alors agé de 26 ans, se présente et dit que si
4515 6537 7480 6791 mente osservato, il Papa accolie la lua propositione, la Mesza a.
1486 6541 4224 6783 sa Sainteté veut bien y consentir, il espére lui faire.
4556 6739 7476 6984 sei voci fu eseguita, piacque; e di poi fu nominata la Messa del
1494 6746 4306 6988 entondre une Messe d'un nouvesu style qu'il croit convenir
4556 6951 7457 7163 Papa Marcello, questa composizione gliparve sibella e si
1483 6951 4302 7215 parfaitement à l'Eglisc, le Pape syant accueilli sa demande, il
4556 7148 7476 7409 magnifica, che agevolmente rivocò la prima idea, e invitò Pales¬
1471 7148 4317 7413 fait exécuter devant lui une Messe à six voix, depuis nommée la
4511 7353 7431 7603 trina a componcre per la Capella Papale. Paol IV, successore
1483 7357 4325 7618 Messe du Pape Marcel, et cette composition parut si helle
4567 7554 7405 7804 di Marcello,gli continuo l'Eccrcizio delle medesime
1471 7547 4328 7822 et si noble, que ce Pontife renonçant à son projet, le charges
4533 7748 7428 8020 fonzioni, nell' anno 1562 fu fatto maestro di Cappella
1490 7767 4280 8024 luimême de travailler pour sa Chapelle Le Pape Paul IV
4544 7953 7439 8232 di Santa Maria Maggiore;enel1571, succese a Animucia
1501 7979 4280 8240 qui succeda à Marcel, dont le pontificat ne dura que 22
4552 8158 7439 8430 in qualità di macstro di Cappella di S! Pietro di Roma,
1501 8158 4276 8448 jours,continua Palestrina dans les mêmes fonctions : En
4544 8374 7487 8649 riempi con molto fervore e distinzione tutte queste diffe
1490 8355 4317 8653 1562 il fut nommé maitre de Chapelle de S Maric Majeure
4511 8579 7450 8843 renti Cariche : e la di lui Riputazione fu cosi superiore e
1479 8586 4250 8847 et en 1571, il succéda à Animuccia en qualité de Maître
1471 8780 4261 9052 de Musique de S! Pierre, Il remplit tous, ces emplois
4541 8784 7461 9037 cosi bene stabilita,che nell'anno 1592 quattordici de i piu
1464 8988 4295 9249 d'une manière on ne peut plus distinguec, et sa réputation
4541 8992 7446 9260 celcbri maestri del tempo pubblicarono sotto i di lui auspici,
1464 9186 4284 9454 de supériorité s'ctablit si bien, qu'en 1592, quatorze des
4526 9193 7457 9450 uns Raccolta di salmi a cinque voci, tutti composti acconde
1460 9398 4280 9704 plus célebres compositeurs du temps, publierent sous aes
4522 9409 7461 9689 il suo Stile, al fine, dopo avere arrischito la chiesa d'una
