8533 11267
1208 1383 4015 1683 auspices un récueil de psaumes à cinq voix, composés dans
4267 1372 7092 1730 grandissima quantita delle di lui produzioni, tutte capi
1194 1621 4008 1920 son styleEnfin après qu'il cut enrichi l'Eglise d'une
4249 1635 7165 1913 d'opéra; mori,nell'anno 1592 ,il 2 del mese di febbraro,
1204 1847 3997 2099 multitude immense de chef doure, il mouruten1592,l
4260 1843 7176 2117 nell'cta di 59 anni, le sue ossequie celebrate furono con
1186 2037 4052 2307 2 fevrier, à l'age de 59 ans.Ses funcrailles furent célehree
4260 2029 7180 2300 molta Pompa ; un grand concorse di popolo L'actom¬
1197 2245 4037 2508 avec pompe; un concours immense de pcuple accompagna son
4241 2216 7150 2508 pagno alla sepoltura ;come ancora tutti i musici, dai
1204 2435 4008 2701 convoi; tons' les musiciens, qui le régardoient comme leur
4260 2438 7194 2730 quali era riguardato comme il loro macstro, e donno. Una
1194 2646 4004 2902 maitre, s'y rendirent;on exécuta une Messe funcbre dea
4274 2650 7136 2913 messn funcbre à trè cori, da lui composta, fu celebrata ed
1197 2854 4066 3110 Composition, à trois choeurs, et pour récompense de seslang
4274 2858 7176 3113 escguita in suo onbre, e per riconpense de suoi Lunghi ed
1204 3051 4030 3303 et brillans services, il eut l'honneur d'être inhume dans
4274 3044 7161 3311 eminenti servizi, ebbe L'onore d'esser sepolto nella chiesa
1186 3259 4041 3508 l'Eglise même de S! Pierre,aux pieds de l'autel deS. Simon
4256 3252 7125 3522 medsima di St Pictro sotto Laltaré dei Santi Simone
1215 3453 4022 3719 et S. Jude, et l'on posa sur sa tombe l'Epitaphe auivante
4274 3457 7161 3723 e Gluda dore si legge ancora oggigiorne il acguonte.
3358 3668 3978 3902 F
4256 3668 5763 3924 Epitaffio.
1190 3668 3000 3920 itr or
2329 3851 3172 4117 -
2329 4026 3405 4314 -
3676 4110 6544 4515 PALESTRINA
3654 4409 5522 4716 Musicae Princeps.
2526 4475 3551 4705 -
5979 4446 6742 4723 -
1292 4639 4044 4920 Palestrina doit êtré regardé comme un des Créatcurs de
4387 4676 7150 4931 Devesi riguardare il Palestrina comme l'uno de crestori
1179 4873 4015 5121 l'art mugical :Il est l'inventeur de cette branche du style
4256 4873 7172 5132 de l'arte musica,e il vere è che gli si devé-l'inventione dello
1186 5081 3997 5325 de Chapelle, que dans les principes de Composition des
4278 5084 7114 5325 stile  Cappella, fugato, ma nhile, sena tormentarele
1197 5260 4059 5530 Ecoles d'Italie, nous avous nommé style Capella fugué.
4267 5289 7158 5522 parule sacre,questo stile consiste a mettere aopra il Canto.
1179 5479 3986 5716 Ce style consiste à prendre un sujet de plain-chant, e le
4238 5471 7103 5734 fermo d'altre parti, praticando le imitationi e tutte le
1197 5687 3989 5924 développer par une suite d'imitations bien modulées. On
4289 5683 7161 5946 specie de Contrappunta fiorito e doppio, ed a incatenarlo
1201 5887 4048 6147 en voit un grand 'nombre d'excmples dans l'ouvrage dont nous
4274 5884 7136 6143 con sepienti ma farie modulationi,comme le ne vede
1204 6081 3997 6355 venons de parler. Ce qu'il y a de remarquable, c'est que
4252 6088 7161 6347 L'effetto nelle sue ammirabili opere da chiesa, vera¬
4219 6282 7125 6544 mente da maravigliarsi in pensare che essendo lui il
1186 6293 4000 6548 createur de cegenre, ill'a en meme temps perfectinnné; ensorte
1186 6486 3986 6731 qu'il a servi de modele à tous ceux qui spht venus apres
4241 6482 7161 6756 crestore di questo gencre, l'abbia in medesimo tempo condotto
4249 6683 7165 6982 til perferione, che à servito a tutti di Esempio senza
1168 6683 4015 6972 lui, et dont aucun ne l'a jamais égalé Aussi estil en quelque
4256 6917 7048 7180 aver mai trovato il suo pari, si puol direche questo
1179 6891 4004 7154 aurte son domainc, et c'est avce raison qu'on lippellele style à
4278 7088 7077 7351 gencre è il suo vero dominio ; e con Ragione viensi
1168 7096 3975 7366 la Palcstrina, Rien de plus noble et de plus grand que -ce
4260 7300 7143 7588 detto da tutti, Stile alla Palestrina cioe, nobile,
1172 7289 3982 7559 style, rien de plus agréahle en même temps,lors qu'il est
1179 7504 3986 7767 cxécuté avec goût ct intelligeice.Pus de deux sicclesiesont
4256 7497 7118 7767 Grandioso, paro, e sapiente, più di due secoli sono
1175 7709 3989 7990 écoulés depuis la mort de ce patriarche de l'harmonie, et
4256 7698 7074 8001 digià scorsi, e sempre in Roma, e nelle principali
1175 7920 4015 8191 nes helles compositions s'exécutent encoré tous les jours
4260 7920 7139 8187 chiesé d'Italia i Cantano L'opère ue, che parte.
1179 8132 3978 8388 Rome, et dans les principales Eglises d'Italie.Tous ses
4256 8140 7121 8362 stimpate, parte manuscritte si- trovano in Italia reli
1161 8337 4022 8588 ouvrages, Joit imprimés, soit manuscrits, subsistent encore
4238 8329 7088 8599 giosamente conservateVedasi qui L'appendice, d'un
1194 8530 3927 8786 en Italie Voici la note de quelques uns des plus connus.
4238 8545 6099 8793 parte di queste produtioni.
4387 8745 5468 8979 1° Opere. stampate
1263 8734 2511 8994 12 Ouvrages imprimés
1226 8939 3256 9183 I. Messe du Pape Marcel, Rome,1555
4406 8935 6289 9180 I. Missa Papa Marcelli Roma 1555
1197 9110 3862 9388 (2-I3)XII. Livres de Messcs 1 4.5.6.TetS voix
4344 9110 6986 9443 2. 13)XII, Libri missarum, 4.5,6.7ct 8 vacusse
4227 9359 5847 9647 Roms et Venetüs à 1554-1601
1161 9340 3011 9654 Rome et Venise,depuis 1554-1601
