1885 2994
294 169 1666 331 Koninklijke Maatschappij van Dierkunde
733 322 1208 407 VAN ANTWERPEN.
886 396 1150 487 10-10
521 481 1437 598 ZONDAG 9 JANUARI 1898
754 591 1174 670 te 3 1/2 ure namiddag
326 689 506 894 C
1399 799 1572 913 N.
653 918 1286 998 door het Symfonisch Orkest
335 1015 1596 1110 onder de leiding van den Heer Edward KEURYELS
610 1089 1331 1157 —  —    —
742 1136 1185 1225 PROGRAMMA
608 1201 1326 1286 —   —   =================
805 1252 1127 1367 EERSTE DEEL
197 1348 1668 1435 i. Le Maçon (openingstuk van het zangspel)..D. FR. AuBER,
197 1443 1640 1532 2. Tournoi galant......... FRN. GILLET.
199 1528 1678 1617 3. Mellusina EM. WAMBACH.
330 1613 1303 1689 (Symphonische brokken uit het lyrisch drama).
398 1663 973 1731 a). Inleiding; b). Kabouterdans;
405 1720 971 1786 c). Vaarlied; d). Tusschenspel.
199 1780 1687 1915 4. Turksche marsch......... W. A. MozART.
792 1898 1132 1994 TWEEDE DEEL
193 1994 1665 2068 5. Die lustigen Weiber von Windsorkeito Nicolai.
371 2051 1006 2157 (opingstuk van het zangspel).
191 2153 1716 2248 6. Uitnoodiging ten dans. C. M.VON WeBER.
193 2233 1712 2316 7. Parisina (interme Guio uit het lyrisch drama). EDW. REURVLS.
356 2295 1089 2401 Liefdetooneel op het Luganomeer.
187 2379 1676 2469 8. Tannhäuser (openingstuk)...,. RICH. WAGNER.
324 2532 1591 2604 Woensdag, 12 Januari 1898, Concert met de medewerking van
634 2577 1286 2640 Mej. Clara Van Mierlo, Pianist.
278 2666 1718 2733 Gemengd koor: Repetitie: Maandag, 10 Januari, te 7 1/2 ure voor de
193 2714 1706 2778 Dames, te 8 1/2 ure voor de Heeren. Ter studie: Lelio van Hector Berlioz.
358 2767 1428 2837 Inschrijvingen worden aangenomen op de repetitién.
593 2820 1303 2914 Drukk. Cl. THIRAUT, Gratiekapelstraat, 7, Antwerpen.
