1885 2994
294 179 1678 292 Koninklijke Maarschappij van Dierkunde
741 271 1206 355 VAN ANTWERPEN
825 336 1162 418 F
447 403 1508 500 WoensDAG 12 JANUARI 1898
804 487 1157 557 te 8 ure's avonds
334 601 1040 744 Schlöhlsch
1162 601 1582 735 GOMSar
563 722 1355 794 door het Orkest der Maatschappi
395 752 1559 853 onder de leiding van M. EDMARD KEURVLS
634 830 1317 903 EN MET DE MEDKWERKING VAN
242 874 1716 987 Mej. Clara VAN MiERLO, Pianiste.
666 952 1277 1014 —  —    —
777 994 1178 1073 PROGRAMMA
668 1048 1281 1109 rvwwwvwomwvom
813 1092 1138 1162 EERSTE DEEL
214 1130 796 1222 I. Hamlet ( openingstuk)
1307 1140 1703 1224 Niels W. GADE.
210 1204 863 1286 2. Zorahayda (Legende).
1204 1204 1731 1302 JOHAN S. SVENDSEN.
412 1260 1031 1311 Solist: M. Edm. De Herdt (viool).
317 1298 1622 1359 ... Op eenen helderen zomornacht was Jacintha alleen gebleven in eene zaal van het Alhambra.
260 1338 1628 1391 Bijeene albasten fontein zat zij te weenen ; snikken ontsnapten haren boezem en tranen vielen stil in
260 1376 588 1422 het doorschijneud nat...
313 1388 1628 1443 Langzamerhand werd het water beroerd, en midden eenen vormeloozen damp verscheen de schim
260 1439 1632 1500 eener schoone jonge vrouw, dragend in hare handen eene zilveren luit. Haar gewaad, schitterend van
260 1460 851 1514 gesteenten, was dit eener moorsche prinses.
313 1481 1630 1533 « Sterfelijke maagd », sprak zij teeder, « waarom weent gij? Waarom stoort gij door uwe klachten
260 1514 1634 1563 de stilte des nachts? » — « Ik beween den welbeminde, die mij heeft verlaten! » — „ Droog uwe
258 1552 1622 1596 trauen, uw leed zal weldra eindigen. Doch luister. Voor u ziet gij de droeve Zorahayda. Even als gij
260 1579 1632 1622 kende ik de folteringen eener ongelukkige liefde. Een kristen ridder had mijn hart veroverd; ik had
260 1613 1624 1649 beloofd zijn geloof te omhelzen en hem te volgen naar zijn gehoorteland Doch op het beslissend oogen
258 1638 1630 1678 blik verliet mij mijn moed ; ik weifelde, en werd gevangen gehouden in dit paleis, waar ik stierf nä
256 1674 1630 1710 een smartvol leven. Sinds hebben de Geesten des kwaads alle vermogen op mij, en ik moet hen onder¬
263 1701 1628 1735 werpen blijven tot den dag waarop eene reine christene hand de toovermacht zal verbreken die mij hier
258 1722 1630 1764 kluistert. Gij kunt mij bevrijden. Wilt gij dit? Spreek!» — « Ja, ik wil het », antwoordde bevend
258 1756 1632 1800 Jacintha. — « Nader dan. Dompel uwe hand in het water dezer fontein, doop mij volgens uw geloof,
260 1790 1628 1827 en mijneziel erlangt den eeuwigen vrede.» — Jacintha naderde, nam water in de holte harer hand, en
258 1817 1624 1855 stortte het uit op het hoofd der schim. Toen liet Zorahayda, het wezen verklaard, de luit zach tjes glijden
256 1846 1224 1884 naast de fontein, kruiste hare blanke armen op hare borst en verdween.
309 1871 1622 1918 Jacintha dacht te ontwaken uit een droom. Maar de zilveren luit ziende aan nare voeten, verging
256 1890 1622 1955 haar twijfel, en bij de herinnering aan Zorahayda,s voorzegging, straalde haar gelaat van hoop on
254 1932 378 1976 vreugde.
195 1943 1027 2021 3. Concerto voor piano en orkest.
1334 1966 1682 2050 EDVARD GRIEG.
363 2021 1071 2075 Soliste: Mej. Clara Van Mierlo.
296 2060 1248 2142 a) allegro Moderato; b) Adagio; c) Allegro marcato.
794 2117 1130 2199 TWEEDE DEEL
197 2165 1101 2266 4. Sakuntala (opingstuk)
1277 2184 1657 2264 . C. GOLDMARK.
1164 2176 1243 2239 .
195 2245 1714 2327 5. A) Auf Flügeln des Gesanges. F. MENDELSSOHN-LISZT.
263 2302 678 2376 B) Tarentelle
1029 2304 1680 2384 .... A. RUBINSTEIN.
370 2340 884 2420 Mej. Clara Van Mierlo.
193 2399 1718 2497 6. Oberon (openingstuk) C. M.VONWEBER.
300 2483 1621 2539 Concertvleugel Pleyel, van het huis Lod. Anthonis.
271 2584 1300 2626 Zondag, 16 Januari 1898, Symfonisch Concert.
271 2653 1714 2710 Gemengd koor: Repetitie: Maandag, 17 Januari, te 7 1/2 ure voor de
185 2693 1720 2766 Dames, te 8 1/2 ure voor de Heeren. Ter studie: Lelio van Hector Berlioz.
357 2749 1430 2817 Inschrijvingen worden aangenomen op de repetitiën.
691 2798 1224 2880 Drukk. CL. THIBAUT, Gratiekapelstr. 7.
