1830 2998
254 147 1635 246 Koninklijke Maausschappij van Dierkunde
709 235 1180 325 VAN ANTWERPEN
948 299 1116 378 ¬
788 303 952 374 o
406 359 1469 487 WoensDAG 19 JANUARI 1898
764 450 1110 527 te S ure's avonds
335 502 636 698 Syln
672 576 954 704 HISZ.
1123 570 1543 705 Oucar
948 585 1018 694 4
531 711 1324 768 door het Orkest der Maatschappij
356 769 1520 839 onder de leiding van M. EDWARD KEURVLS
636 822 1230 895 rung.
726 865 1148 944 PROGRAMMA
634 929 1238 993 —  —    — —  —
771 965 1091 1067 EERSTE DEEL
171 1035 1552 1146 I. Semiramis (openingstuk) G. ROSSINI.
171 1140 1663 1223 2. Guiramento (voorspel en koor van de opera). S. MARCADANTE.
175 1219 1593 1315 3. Serenata G. SGAMBATI.
246 1302 1272 1398 Saûl ( openingstuk voor Alfred's treurspel).
1294 1304 1605 1411 ANT. BAzzini.
261 1383 1307 1434 De toondichter heeft de tegenstelling willen afschilderen tus-
237 1432 1319 1484 schen de karakters van Saul en David: het eerste vol hoogmoed,
241 1464 1251 1509 toorn en dwingelandij, het ander zoetaardig en edelmoedig.
267 1490 1319 1554 Het slot van het werk stelt voor de dood van Saul en den
235 1522 837 1597 inval der zegepralende Filistijnen.
754 1567 1093 1667 TWEEDE DEEL
166 1659 1567 1736 5. Le Carnaval Romain (openingstuk). H. BERLIOZ.
164 1738 702 1832 6. Herderslied
1277 1757 1550 1834 A. FLÉGlER.
961 1755 1065 1834 ..
1133 1755 1225 1832 ...
363 1804 869 1896 Solist: M. K. Rovies; hobo.
169 1883 1646 1964 7. Armor (inleiding tot het lyrisch drama)... Sylvio LAzzARI,
278 1955 1586 2009 Het onderwerp van het lyrisch drama ABMOR is ontleend aan de legenden van Koning Arthus en
218 1992 1575 2034 andere-helden der RONDE TAFEL. De ridder Armor verovert de gewijd/fe kroon van Arthus, welke,
216 2024 1578 2062 sedert den dood van den dapperen Koning, door de Korrizanen bewaard wordt op een wild eiland. Om
220 2058 1573 2096 zich ervan meester te maken, moet men stormen en toovermachten trotseeren, en in gevechten
218 2081 841 2116 heproevingen en bekoningen overwinnaar zijn.
278 2103 1569 2150 Het voorspel is geene samenvatting van het werk, maar een symfonisch spel in muzikale betrekking
216 2135 1575 2207 tot het drama, en bijzonder geschikt om de tochoorders in de gemoedsstemming te brengen noodig
222 2169 640 2233 tot het genieten van het drama.
166 2244 1061 2331 8 Napolitaansche tafereelen.
1277 2250 1573 2346 J. MASSENET.
359 2303 1217 2387 a) De Dans ; b De Processie en de Improvisator ;
431 2346 679 2404 c) Het Feest.
254 2434 1588 2504 Zondag, 23 Januari, te 3 1/2 ure namiddag Symfonisch Concert.
171 2466 1667 2551 Woensdag, 26 Januari, Concert’met de medewerking van Mej. Adolfina
378 2540 1464 2596 Van Elsacker, van het Nederlandsch lyrisch Tooneel.
239 2628 1667 2700 Gemengd koor: Repetitie: Maandag, 24 Januari, te 7 1/2 ure voor de
156 2675 1665 2743 Dames, te 8 1/2 ure voor de Heeren. Ter studie: Lelio van Hector Berlioz.
324 2739 1385 2801 Inschrijvingen worden aangenomen op de repetitiën.
559 2769 1270 2884 Drukk. Cl. THIBAUT, Gratiekapelstraat, 7, Antwerpen.
