1825 2994
246 150 1611 280 Koninklijke Maatschappij van Dierkunde
691 272 1167 371 VAN ANTWERPEN.
847 352 1112 438 o
912 383 980 445 15
451 419 1411 560 ZONDAG 23 JANUARI 1898
714 533 1133 645 te 3 1)2 ure namiddag
1289 706 1475 868 F
261 752 501 870 B
619 874 1249 967 door het Symfonisch Orkest
295 969 1557 1047 onder de leiding van den Heer Edward KEURVerLS
577 1034 1295 1118 r.w.v.
708 1097 1154 1190 PROGRAMMA
567 1165 1285 1256 rvwwvwvomuwom
771 1251 1091 1365 EERSTE DEEL
164 1323 1639 1435 I. L’Enfant prodigue (openingstuk)... FR. A. AUBER.
168 1435 1692 1521 2. Zonnenondergang (wals)......PAUL LEVERKÜHN.
160 1513 1687 1639 3. Fantazie op volkswijzen K H. HANSSENS.
162 1605 1679 1732 4. Afrika-Marsch AUG. DE Boeck.
758 1740 1108 1847 TWEEDE DEEL
169 1845 1605 1968 5. Le Cid (ulpeningstuk)...,,.. J. MASSENET.
166 1925 1687 2033 6. Maskerbal (symfonische brokken)... ANT. RUBINSTEIN.
366 2010 908 2090 a) Toreador en Andaluzische;
369 2067 1024 2132 b) Pelgrim en Fantazie (Avondster);
369 2107 1207 2197 c) Napolitaansche visscher en Napolitaansche.
1072 2165 1652 2273 RICH. WAGNER.
177 2157 870 2277 7. Lohengrin (voorspel)
169 2256 1654 2361 8. Le Prophète (Wijdingsmarsch).... G. MEYERBER.
185 2397 1687 2458 Woensdag, 26 Januari, Concert met de medewerking van Mej. Adolfina
392 2454 1485 2513 Van Elsacker, van het Nederlandsch lyrisch Tooneel.
257 2526 1694 2616 Gemengd koor: Repetitie: Maandag, 24 Januari, te 7 1/2 ure voor de
175 2587 1687 2669 Dames, te 8 1/2 ure voor de Heeren. Ter studie: Lelio van Hector Berlioz.
341 2639 1414 2711 Inschrijvingen worden aangenomen op de repetitiën.
573 2692 1289 2800 Drukk. Cl. THIBAUT, Gratiekapelstraat, 7, Antwerpen.
