1866 3007
212 0 1585 127 Koninklijke Maatschappij van Dierkunde
656 115 1129 225 VAN ANTWERPEN
811 202 1067 289 2x
399 289 1373 426 ZONDAG 30 JANUARI 1898
668 405 1087 492 te 3 1/2 ure namiddag
634 658 719 730 D.
781 615 991 741 T
1258 609 1345 739 I
569 726 1190 825 door het Symfonisch Orkest
246 808 1500 917 onder de leiding van den Heer Edward KEURVLS
522 921 1241 999 rvwwvwvomuwwom
652 953 1103 1050 PROGRAMMA
505 1029 1227 1114 einrvomuwemmen.
713 1087 1029 1186 EERSTE DEEL
100 1165 1556 1280 I. Le Bal masqué (openingstuk) D. FR. AUBER.
91 1258 1536 1367 2. In ’t geniep (karakterstuk)...... ERN. GILLET.
93 1364 1275 1468 3. Van Gluck tot Wagner (symfonische brokken).
374 1413 895 1470 GLUK: Armide (opingstuk).
369 1454 908 1505 HAYDN : 1e Symfonie (andante).
367 1488 1002 1547 MoZART; Don Juan (finale; menuet).
371 1528 930 1572 BEETHOFEN 5e Symfonie (finale),
373 1558 1129 1609 WEBER: Freischütz ( openingstuk; cavatine).
365 1592 927 1664 MENDELSSOHN : Bruiloftsmarsch.
363 1626 739 1672 SCHUBERT : Serenade.
373 1649 923 1732 WAGNER: Rienzi (opingstuk).
89 1691 912 1800 4. Glimlachjes (walsenreeks)..
953 1704 1619 1808 EM WALDTEUFEL.
681 1806 1027 1897 TWEEDE DEEL
81 1867 1594 1978 5. Oberon ( openingstuk) C.M.VONWEBER.
83 1978 1511 2067 6. A) Sluit uw oogjes? (wiegelied).... CH. GOUROD.
287 2037 775 2109 Solist: M. Edm. De Herdt.
136 2061 526 2164 B) Czardas
660 2078 1538 2186 Fienkas Miska
78 2164 1507 2273 7. Elzassissche tafereelen........ J. MASSENET
276 2215 630 2279 a) Zondag morgen;
284 2260 601 2322 b) In de Tapperij;
287 2294 908 2356 c) Onder de Linden, (liefdetooneel);
348 2339 1458 2430 Solisten : HH. Van Wesenbeeck, (cello) en Van Hove, (clarinet).
280 2385 808 2451 d) Zondagavond, (de taptoe).
197 2466 1487 2538 Woensdag, 2 Februari, te 8 ure ’s avonds, Symfonisch Concert.
157 2504 1587 2591 Zondag. 6 Februari, te 3 1/2 ure namiddag, Concert met de medewer-
78 2555 1294 2633 king van Mej Bertha Balthasar-Florence, Pianiste (12 jaar)
161 2631 1591 2699 Gemengd koor: Repetitie: Maandag, 31 Januari, te 7 1/2 ure voor de
66 2667 1585 2744 Dames, te 8 1/2 ure voor de Heeren. Ter studie: Lelio van Hector Berlioz
242 2722 1311 2790 Inschrijvingen worden aangenomen op de repetitiën.
469 2805 1186 2873 Drukk. Cl. THIBAUT, Gratiekapelstraat, 7, Antwerpen.
