1866 2998
257 106 1617 225 Korinklijke Maatschappij van Dierkunde
693 195 1167 283 VAN ANTWERPEN.
865 270 1114 340 .
905 304 992 357 6,40
436 340 1439 459 ZONDAG 13 TEBRUARI 1898
714 429 1131 512 te 3 1/2 ure namiddag
261 614 480 706 20
1418 621 1503 716 D.
614 706 1237 784 door het Symfonisch Orkest
291 778 1547 856 onder de leiding van den Heer Edward KEURVLS
574 837 1277 908 —  —    — —  —
699 880 1146 975 PROGRAMMA
569 948 1271 1009 —  —    —
759 990 1078 1075 EERSTE DEEL
161 1031 1626 1141 I. Leichte Cavalerie ( openingstuk)... FR. VON Suppé.
157 1141 1655 1230 2. Boertige öptocht......... L. MORTELMANS.
151 1231 1651 1315 3. Droomerij  ROB. SCHUMANN.
145 1311 1517 1405 4. IIde Rapsodie Fr. LiszT.
733 1403 1086 1502 TWEEDE DEEL
140 1460 1622 1575 5. Le Capitaine Henriot......... F. A. G vAERT.
319 1526 963 1605 (opingstuk van het zangspel).
144 1585 1660 1687 6. Der Trompeter von Säkkingen.. VICT.E. NESSLER.
319 1649 869 1726 (bloemlezing uit de opera).
142 1692 795 1785 7. Zorahayda (Legende).
1101 1715 1655 1809 JOHAN S. SVENDSEN.
346 1753 950 1826 Solist: H. Edm. De Herdt (viool
229 1806 1551 1868 ... Op eenen helderen zomernacht was Jacintha alleen gebleven in eene zaal van het Alhambra.
196 1838 1551 1908 Bij eene albasten fontein zal zij te weenen; snikken ontsnapten haren boezem en tranen vielen stil in
195 1872 525 1911 het doorschijnend nat...
247 1894 1553 1951 Langzamerhand werd het water beroerd, en midden eenen vormeloozen damp vercheen de schim
195 1928 1549 1993 eener schoone jonge vrouw, dragende in hare handen eene zilveren luit.Haar gewaad, schitterend van
196 1961 786 2013 gesteenten, was dit eener moorsche prinses.
251 1989 1551 2038 « Sterfelijke maagd », sprak zij teeder, « waarom weent gij? Waarom stoort gij door uwe klachten
191 2000 1545 2063 de stilte. des nachts? » — « Ik beween de welbeminden, die mij heeft verlaten!» — « Droog uwo
195 2047 1545 2104 tranen, uw leed zal weldra eindigen. Doch luister. Voor u ziet ge de droeve Zorahayda. Even als gij,
191 2078 1553 2127 kende ik de falteringen eener ongelukkige liefde. Een kristen ridder had mijn hart veroverd ; ik had
187 2104 1541 2159 beloofd zijn geloof te ombelzen en hem te volgen naar zijn gehoorteland. Doch op het beslissend oogen
187 2140 1537 2185 blik verliet mij mijn moed; ik weifelde, en werd gevangen gehouden in dit paleis, waar ik stiert na
189 2170 1539 2214 een smartvol leven. Sinds hebben de Geesten des kwaads alle vermogen op mij. en ik moet hen onder¬
191 2195 1543 2242 worpen blijven tot den dag waarop eene reine christene hand de toovermacht zal verbreken die mij hier
189 2219 1543 2268 kluistert : Gij kunt mij bevrijden. Will gij dit? Spreek! » — « Ja; ik wil het », antwoordde bevend
187 2255 1545 2304 Jacintha.—» Nader dan. Dompel uwe hand rn het water dezer fontein, doop mij volgens uw geloof,
185 2278 1543 2331 en mijne ziel erlangt den eeuwigen vrede. — Jacintha naderde, nam water in de holte harer hand, en
185 2314 1545 2368 stortte het uit op het hoofd der schim. Toen liet Zoharayda, het wezen verklaard, de luit zachtjes glijden
185 2346 1167 2395 naast de fonlein, kruiste hare blanke armen op hare borst en verdween.....
236 2372 1543 2423 Jacintha dacht te ontwaken uit een droom. Maar de zilveren luit ziende aan hare voeten, verging
185 2397 1541 2453 haar twijlel, en hij de herinnering aan Zorahayda,s voorzegging, straalde haar gelaat van hoop en
189 2427 314 2478 vreugde.
130 2463 729 2531 8. Wijdingsmarsch.
1218 2465 1594 2548 EM. WAMBACH.
178 2521 1641 2610 Woensdag, 16 Februari, te 8 ure's avonds, Symfonisch Concert met de
138 2582 1639 2656 medewerking van M. Fr. Van Wesembeeck, iste Cello-Solo van het Orkest
134 2633 502 2691 der Maatschappij
213 2703 1630 2788 Gemengd koor: Samenoefening (Dames en Heeren) Maandag 14
132 2727 1571 2807 dezer, te 8 1/2 ure ’s avonds. Ter studie: Lelio van Hector Berlioz.
297 2790 1352 2852 Inschrijvingen worden aangenomen op de repetitiën.
519 2867 1228 2926 Drukk. Cl. THIBAUT, Gratiekapeistraat, 7, Antwerpen.
