1862 2985
302 213 1669 314 Koninklijke Maatschappij van Dierkunde
715 300 1219 395 IVAN ANTWERPEN.
918 392 1135 451 0-0
951 420 1036 483 6,10
487 435 1502 572 ZONDAG 27 TEBRUARI 1898
764 544 1192 626 te 3 1/2 ure namiddag
295 751 397 840 C
1416 711 1496 850 D
1576 766 1633 852 1
667 844 1297 935 door het Symfonisch Orkest
346 920 1605 1023 onder de leiding van den Heer Edward KEURYELS
627 1000 1340 1074 u.
755 1053 1205 1146 PROGRAMMA
622 1126 1333 1209 —    =================
814 1213 1139 1299 EERSTE DEEL
211 1316 1582 1424 I. Grieksche marsch. L. GANNE.
203 1403 1732 1498 2. Martha ( openingstuk)...... FR. VON FLOTow.
209 1513 1614 1588 3. La Somnambule (omschrijving) V. BELLINI.
211 1591 1646 1700 4. Twee hongaarsche dansen... JOH. BRAHOMS.
804 1677 1148 1778 TWEEDE DEEL
211 1772 1635 1897 5. Les Dragon de Villars (openingstuk) A. MAILLART.
211 1867 970 1962 6. A) Kattenserenade...
1310 1863 1654 1956 ANTON RázEK.
266 1939 1135 2038 B) Parisina (voorspel)
1285 1935 1711 2036 EDW. Keurvels.
213 2029 774 2124 7. Romeo en Julia
1177 2008 1629 2135 CH. GOUNOD.
416 2091 949 2177 (omschrijving door J. Dupont).
211 2139 1645 2255 8. Bravura (walsenreeks) DITTO RœDER.
222 2310 1724 2373 Woensdag, 2 Maart, te 8 1/2 ure ’s avonds, Concert met de medewerking
344 2365 1597 2430 van Mej Celina Duyse van het Nederlandsch lyrisch Tooneel.
224 2445 1715 2508 Woensdag, 16 Maart, Berlioz-Concert: Symphonie fantastique en Lelio,
460 2498 1494 2565 lyrisch monodrema, (recitant, soli, koor en orkest).
302 2588 1726 2648 Gemengd koor: Samenoefening (Dames en Heeren) Maandag 28
222 2633 1660 2719 dezer, te 8 1/2 ure ’s avonds. Ter studie: Lelio van Hector Berlioz.
382 2688 1437 2759 Inschrijvingen worden aangenomen op de repetitiën.
610 2730 1321 2850 Drukk. Cl. THIBAUT, Gratiekapelstraat, 7, Antwerpen.
