<?xml version="1.0" encoding="UTF-8" standalone="yes"?>
<PcGts xmlns="http://schema.primaresearch.org/PAGE/gts/pagecontent/2013-07-15" xmlns:xsi="http://www.w3.org/2001/XMLSchema-instance" xsi:schemaLocation="http://schema.primaresearch.org/PAGE/gts/pagecontent/2013-07-15 http://schema.primaresearch.org/PAGE/gts/pagecontent/2013-07-15/pagecontent.xsd">
    <Metadata>
        <Creator>prov=READ-COOP:name=TrHtr:version=2.18.1:model_id=51170:date=15_10_2024_23:16</Creator>
        <Created>2024-10-15T16:01:13.705+02:00</Created>
        <LastChange>2024-10-15T23:16:56.650+02:00</LastChange>
        <TranskribusMetadata docId="4643012" pageId="80337988" pageNr="18" tsid="193968366" status="IN_PROGRESS" userId="131016" imgUrl="https://files.transkribus.eu/Get?id=KLUUKOTZGMHLONJUSZQRFAMT&amp;fileType=view" xmlUrl="https://files.transkribus.eu/Get?id=NNYBEJKIWEBBOAHXJINOQBFJ" imageId="65798858"/>
    </Metadata>
    <Page imageFilename="0018_kca-srdda-cpr1898-030901108859-tx-00018.jpg" imageWidth="1880" imageHeight="2998">
        <ReadingOrder>
            <OrderedGroup id="ro_1757315765139" caption="Regions reading order">
                <RegionRefIndexed index="0" regionRef="tr_3"/>
                <RegionRefIndexed index="1" regionRef="tr_1"/>
                <RegionRefIndexed index="2" regionRef="tr_2"/>
            </OrderedGroup>
        </ReadingOrder>
        <TextRegion id="tr_3" custom="readingOrder {index:0;}">
            <Coords points="272,184 1636,184 1636,560 272,560"/>
            <TextLine id="tr_3_tl_1" custom="readingOrder {index:0;}">
                <Coords points="262,252 746,288 1631,262 1594,166 772,194 431,145 262,185"/>
                <Baseline points="272,238 286,240 316,242 346,242 376,242 406,240 436,242 466,240 496,238 526,236 556,236 586,234 616,236 646,236 676,236 706,236 736,238 766,238 796,238 826,236 856,236 886,236 916,236 946,236 976,236 1006,238 1036,238 1066,238 1096,236 1126,238 1156,236 1186,236 1216,236 1246,236 1276,238 1306,236 1336,236 1366,236 1396,238 1426,236 1456,238 1486,236 1516,238 1546,238 1576,238 1606,238 1636,236"/>
                <TextEquiv>
                    <Unicode>Koninklijke Maatschappij van Dierkunde</Unicode>
                </TextEquiv>
            </TextLine>
            <TextLine id="tr_3_tl_2" custom="readingOrder {index:1;}">
                <Coords points="712,360 778,362 808,333 899,333 916,347 955,326 1030,343 1094,326 1177,352 1177,275 1070,281 1036,266 1006,279 981,267 953,283 865,284 846,300 812,283 748,290 712,275"/>
                <Baseline points="722,324 752,328 782,326 812,326 842,324 872,324 902,322 932,322 962,322 992,322 1022,322 1052,324 1082,322 1112,322 1142,322 1172,326 1182,324"/>
                <TextEquiv>
                    <Unicode>VAN ANTWERPEN.</Unicode>
                </TextEquiv>
            </TextLine>
            <TextLine id="tr_3_tl_3" custom="readingOrder {index:2;}">
                <Coords points="878,424 897,426 908,414 919,424 927,418 989,422 1004,407 1021,409 1036,399 1051,409 1078,396 1125,403 1125,345 1110,343 1062,365 1030,343 976,330 936,352 919,343 899,358 878,352"/>
                <Baseline points="888,378 890,378 920,378 950,376 980,378 1010,380 1040,378 1070,378 1100,378 1130,376"/>
                <TextEquiv>
                    <Unicode>a.</Unicode>
                </TextEquiv>
            </TextLine>
            <TextLine id="tr_3_tl_4" custom="readingOrder {index:3;}">
                <Coords points="524,509 650,527 850,492 874,514 1123,497 1143,516 1219,492 1390,514 1390,441 1345,413 1294,443 1066,422 524,441"/>
                <Baseline points="534,494 554,494 584,496 614,496 644,496 674,496 704,494 734,494 764,492 794,490 824,490 854,490 884,490 914,490 944,488 974,490 1004,492 1034,490 1064,492 1094,492 1124,492 1154,490 1184,490 1214,488 1244,490 1274,490 1304,490 1334,490 1364,490 1394,490"/>
                <TextEquiv>
                    <Unicode>ZONDAG 6 MAART 1898</Unicode>
                </TextEquiv>
            </TextLine>
            <TextLine id="tr_3_tl_5" custom="readingOrder {index:4;}">
                <Coords points="727,593 761,578 863,586 910,569 951,586 991,571 1045,575 1059,561 1126,586 1151,578 1151,522 1094,518 1074,503 1027,524 951,507 727,522"/>
                <Baseline points="738,550 766,550 796,548 826,548 856,548 886,548 916,548 946,548 976,548 1006,548 1036,548 1066,548 1096,548 1126,548 1156,548"/>
                <TextEquiv>
                    <Unicode>te 3 1/2 ure namiddag</Unicode>
                </TextEquiv>
            </TextLine>
        </TextRegion>
        <TextRegion id="tr_1" custom="readingOrder {index:1;}">
            <Coords points="184,722 1684,722 1684,2228 184,2228"/>
            <TextLine id="tr_1_tl_1" custom="readingOrder {index:0;}">
                <Coords points="925,782 934,780 949,795 955,795 959,799 970,793 980,793 976,721 964,721 955,733 946,727 936,725 921,729"/>
                <Baseline points="934,772 964,774 982,774"/>
                <TextEquiv>
                    <Unicode>n</Unicode>
                </TextEquiv>
            </TextLine>
            <TextLine id="tr_1_tl_2" custom="readingOrder {index:1;}">
                <Coords points="1424,816 1434,814 1449,821 1456,814 1473,816 1483,810 1494,812 1484,682 1475,684 1469,680 1460,688 1450,684 1443,693 1437,689 1417,693"/>
                <Baseline points="1432,772 1462,772 1492,776 1496,778"/>
                <TextEquiv>
                    <Unicode>D.</Unicode>
                </TextEquiv>
            </TextLine>
            <TextLine id="tr_1_tl_3" custom="readingOrder {index:2;}">
                <Coords points="640,876 863,872 949,899 997,872 1111,863 1162,902 1270,872 1270,816 936,831 891,808 846,827 640,833"/>
                <Baseline points="650,862 672,862 702,860 732,860 762,862 792,860 822,860 852,860 882,860 912,860 942,860 972,860 1002,862 1032,860 1062,862 1092,860 1122,860 1152,858 1182,858 1212,858 1242,858 1272,860"/>
                <TextEquiv>
                    <Unicode>door het Symfonisch Orkest</Unicode>
                </TextEquiv>
            </TextLine>
            <TextLine id="tr_1_tl_4" custom="readingOrder {index:3;}">
                <Coords points="307,966 526,989 650,957 735,989 829,946 1181,968 1270,938 1505,966 1569,955 1569,882 718,910 637,870 307,908"/>
                <Baseline points="318,942 344,942 374,942 404,942 434,942 464,940 494,942 524,940 554,942 584,940 614,940 644,940 674,940 704,940 734,938 764,938 794,938 824,938 854,938 884,938 914,938 944,938 974,938 1004,938 1034,938 1064,938 1094,938 1124,938 1154,938 1184,938 1214,938 1244,938 1274,936 1304,936 1334,936 1364,936 1394,936 1424,936 1454,934 1484,934 1514,936 1544,934 1574,934"/>
                <TextEquiv>
                    <Unicode>onder de leiding van den Heer Edward KEURVLS</Unicode>
                </TextEquiv>
            </TextLine>
            <TextLine id="tr_1_tl_5" custom="readingOrder {index:4;}">
                <Coords points="595,1042 723,1040 778,1013 829,1038 948,1013 1094,1038 1168,1012 1305,1040 1305,978 1074,991 961,955 900,983 748,997 597,951"/>
                <Baseline points="606,1010 620,1010 650,1010 680,1010 710,1010 740,1008 770,1008 800,1010 830,1010 860,1010 890,1010 920,1010 950,1010 980,1010 1010,1010 1040,1008 1070,1008 1100,1008 1130,1008 1160,1008 1190,1008 1220,1008 1250,1006 1280,1006 1310,1006"/>
                <TextEquiv>
                    <Unicode>nommen</Unicode>
                </TextEquiv>
            </TextLine>
            <TextLine id="tr_1_tl_6" custom="readingOrder {index:5;}">
                <Coords points="727,1094 770,1091 791,1108 840,1094 897,1108 1172,1094 1170,1023 1155,1019 1098,1038 1059,1025 831,1038 755,1023 727,1034"/>
                <Baseline points="738,1078 768,1076 798,1078 828,1080 858,1080 888,1082 918,1080 948,1080 978,1082 1008,1082 1038,1082 1068,1082 1098,1080 1128,1080 1158,1080 1176,1080"/>
                <TextEquiv>
                    <Unicode>PROGRAMMA</Unicode>
                </TextEquiv>
            </TextLine>
            <TextLine id="tr_1_tl_7" custom="readingOrder {index:6;}">
                <Coords points="586,1145 654,1160 718,1130 808,1168 874,1128 964,1155 1017,1132 1126,1134 1170,1164 1304,1153 1304,1098 1270,1083 1142,1110 1004,1093 586,1106"/>
                <Baseline points="596,1124 618,1124 648,1122 678,1122 708,1122 738,1122 768,1122 798,1124 828,1124 858,1124 888,1124 918,1124 948,1124 978,1122 1008,1122 1038,1122 1068,1122 1098,1122 1128,1122 1158,1122 1188,1122 1218,1122 1248,1122 1278,1120 1308,1120"/>
                <TextEquiv>
                    <Unicode>—  —   — —  —</Unicode>
                </TextEquiv>
            </TextLine>
            <TextLine id="tr_1_tl_8" custom="readingOrder {index:7;}">
                <Coords points="786,1228 855,1241 893,1223 961,1245 1006,1217 1091,1224 1113,1215 1113,1164 976,1177 919,1160 883,1177 850,1174 831,1159 786,1179"/>
                <Baseline points="796,1208 826,1208 856,1208 886,1210 916,1210 946,1210 976,1210 1006,1208 1036,1208 1066,1208 1096,1208 1118,1208"/>
                <TextEquiv>
                    <Unicode>EERSTE DEEL</Unicode>
                </TextEquiv>
            </TextLine>
            <TextLine id="tr_1_tl_9" custom="readingOrder {index:8;}">
                <Coords points="177,1315 635,1347 1264,1307 1516,1343 1603,1313 1603,1260 870,1298 731,1238 627,1279 177,1270"/>
                <Baseline points="188,1312 198,1312 228,1312 258,1310 288,1310 318,1310 348,1312 378,1312 408,1310 438,1310 468,1310 498,1310 528,1310 558,1310 588,1310 618,1308 648,1308 678,1310 708,1308 738,1310 768,1312 798,1314 828,1314 858,1318 888,1318 918,1316 948,1314 978,1314 1008,1312 1038,1314 1068,1312 1098,1312 1128,1314 1158,1318 1188,1312 1218,1310 1250,1313 1268,1312 1278,1310 1308,1308 1338,1308 1368,1308 1398,1306 1428,1308 1458,1306 1488,1306 1518,1308 1548,1308 1578,1308 1608,1308"/>
                <TextEquiv>
                    <Unicode>1. Bruiloftsmarsch..EUG. HUTOY.</Unicode>
                </TextEquiv>
            </TextLine>
            <TextLine id="tr_1_tl_10" custom="readingOrder {index:9;}">
                <Coords points="173,1439 1138,1405 1552,1447 1641,1409 1641,1362 1398,1345 1191,1392 580,1334 173,1368"/>
                <Baseline points="184,1404 204,1404 234,1404 264,1402 294,1404 324,1402 354,1402 384,1400 414,1402 444,1402 474,1402 504,1400 534,1402 564,1402 594,1402 624,1400 654,1400 684,1400 714,1400 744,1400 774,1402 804,1402 834,1404 864,1402 894,1402 924,1402 954,1404 984,1404 1014,1404 1044,1404 1074,1404 1104,1404 1134,1406 1164,1404 1194,1404 1224,1402 1254,1402 1284,1402 1314,1400 1344,1402 1374,1400 1404,1400 1434,1400 1464,1400 1494,1398 1524,1400 1554,1400 1584,1398 1614,1400 1644,1400"/>
                <TextEquiv>
                    <Unicode>2. La Muette de Portici D. FR. AUBER.</Unicode>
                </TextEquiv>
            </TextLine>
            <TextLine id="tr_1_tl_11" custom="readingOrder {index:10;}">
                <Coords points="1296,1507 1317,1499 1360,1528 1415,1535 1432,1526 1447,1537 1466,1528 1509,1537 1535,1524 1548,1528 1548,1435 1530,1445 1479,1437 1441,1458 1403,1441 1379,1458 1353,1456 1326,1439 1311,1449 1296,1443"/>
                <Baseline points="1306,1492 1336,1490 1366,1492 1396,1490 1426,1490 1456,1490 1486,1490 1516,1490 1546,1490 1554,1492"/>
                <TextEquiv>
                    <Unicode>L. GANNE.</Unicode>
                </TextEquiv>
            </TextLine>
            <TextLine id="tr_1_tl_12" custom="readingOrder {index:11;}">
                <Coords points="173,1526 237,1498 307,1518 494,1516 520,1498 729,1516 757,1498 840,1501 842,1473 767,1473 727,1450 661,1469 610,1449 456,1469 356,1447 175,1456"/>
                <Baseline points="184,1494 214,1496 244,1496 274,1494 304,1494 334,1492 364,1494 394,1494 424,1494 454,1494 484,1494 514,1492 544,1494 574,1494 604,1494 634,1492 664,1492 694,1492 724,1492 754,1494 784,1496 814,1494 844,1494"/>
                <TextEquiv>
                    <Unicode>3. A) Extase (droomerij).</Unicode>
                </TextEquiv>
            </TextLine>
            <TextLine id="tr_1_tl_13" custom="readingOrder {index:12;}">
                <Coords points="316,1554 1307,1552 1307,1516 1192,1492 1110,1518 316,1511"/>
                <Baseline points="326,1546 352,1544 382,1544 412,1544 442,1544 472,1544 502,1544 532,1544 562,1544 592,1544 622,1542 652,1542 682,1542 712,1542 742,1544 772,1542 802,1542 832,1542 862,1542 892,1540 922,1540 952,1540 982,1540 1012,1540 1042,1540 1072,1542 1102,1542 1132,1540 1162,1540 1192,1542 1222,1542 1252,1542 1282,1542 1312,1544"/>
                <TextEquiv>
                    <Unicode>Solisten : Mej. M. Ontrop, (harp); HH. Edm. De Herdt,</Unicode>
                </TextEquiv>
            </TextLine>
            <TextLine id="tr_1_tl_14" custom="readingOrder {index:13;}">
                <Coords points="350,1611 386,1590 499,1618 548,1592 599,1607 691,1586 795,1590 814,1609 851,1590 919,1609 976,1586 1015,1607 1038,1597 1038,1548 350,1556"/>
                <Baseline points="360,1582 390,1584 420,1584 450,1584 480,1584 510,1584 540,1584 570,1584 600,1582 630,1582 660,1582 690,1584 720,1582 750,1582 780,1582 810,1582 840,1582 870,1582 900,1584 930,1582 960,1582 990,1580 1020,1582 1042,1584"/>
                <TextEquiv>
                    <Unicode>(viool) en Fr. Van Wesenbeeck, (cello).</Unicode>
                </TextEquiv>
            </TextLine>
            <TextLine id="tr_1_tl_15" custom="readingOrder {index:14;}">
                <Coords points="237,1669 755,1692 833,1650 1241,1646 1319,1692 1515,1648 1607,1673 1607,1588 1334,1588 1202,1633 1062,1588 237,1605"/>
                <Baseline points="248,1646 262,1648 292,1646 322,1646 352,1646 382,1646 412,1648 442,1646 472,1646 502,1646 532,1646 562,1646 592,1646 622,1646 652,1644 682,1644 712,1644 742,1644 772,1644 802,1644 832,1644 862,1644 892,1646 922,1644 952,1644 982,1644 1012,1644 1042,1646 1072,1646 1102,1646 1132,1646 1162,1646 1192,1646 1222,1646 1252,1646 1282,1646 1312,1646 1342,1648 1372,1644 1402,1644 1432,1644 1462,1642 1492,1642 1522,1642 1552,1642 1582,1642 1612,1642"/>
                <TextEquiv>
                    <Unicode>B) Manon (menuet uit het zangspel).... J. MASSENET.</Unicode>
                </TextEquiv>
            </TextLine>
            <TextLine id="tr_1_tl_16" custom="readingOrder {index:15;}">
                <Coords points="179,1756 315,1786 469,1744 791,1778 1132,1741 1275,1786 1537,1744 1501,1693 1307,1682 1192,1724 179,1705"/>
                <Baseline points="190,1744 192,1742 222,1744 252,1740 282,1740 312,1740 342,1740 372,1740 402,1738 432,1738 462,1736 492,1736 522,1736 552,1736 582,1736 612,1736 642,1736 672,1736 702,1736 732,1736 762,1736 792,1736 822,1738 852,1738 882,1740 912,1738 942,1738 972,1740 1002,1742 1032,1742 1062,1740 1092,1738 1122,1738 1152,1740 1182,1740 1212,1738 1242,1738 1272,1738 1302,1736 1332,1736 1362,1734 1392,1736 1422,1736 1452,1736 1482,1736 1512,1736 1542,1736"/>
                <TextEquiv>
                    <Unicode>4. Zigeuner-serenade W. Nehl.</Unicode>
                </TextEquiv>
            </TextLine>
            <TextLine id="tr_1_tl_17" custom="readingOrder {index:16;}">
                <Coords points="782,1869 819,1859 842,1878 889,1880 904,1865 995,1837 1040,1842 1085,1867 1123,1863 1123,1803 1079,1786 1053,1791 1034,1774 968,1776 934,1797 893,1797 878,1784 835,1795 782,1782"/>
                <Baseline points="792,1828 822,1828 852,1828 882,1828 912,1830 942,1830 972,1830 1002,1828 1032,1830 1062,1830 1092,1830 1122,1830 1128,1832"/>
                <TextEquiv>
                    <Unicode>TWEEDE DEEL</Unicode>
                </TextEquiv>
            </TextLine>
            <TextLine id="tr_1_tl_18" custom="readingOrder {index:17;}">
                <Coords points="181,1974 471,1936 821,1972 957,1931 1565,1974 1667,1959 1667,1867 181,1888"/>
                <Baseline points="192,1930 202,1930 232,1932 262,1930 292,1930 322,1932 352,1932 382,1932 412,1932 442,1928 472,1930 502,1928 532,1930 562,1930 592,1930 622,1930 652,1928 682,1928 712,1930 742,1930 772,1930 802,1930 832,1928 862,1928 892,1930 922,1928 952,1930 982,1930 1012,1930 1042,1932 1072,1932 1102,1930 1132,1930 1162,1930 1192,1930 1222,1930 1252,1930 1282,1930 1312,1930 1342,1928 1372,1928 1402,1928 1432,1928 1462,1928 1492,1928 1522,1926 1552,1928 1582,1928 1612,1928 1642,1928 1672,1928"/>
                <TextEquiv>
                    <Unicode>5. Pique Dame (openingstuk) Fr. VON Suppé.</Unicode>
                </TextEquiv>
            </TextLine>
            <TextLine id="tr_1_tl_19" custom="readingOrder {index:18;}">
                <Coords points="181,2038 625,2027 729,2066 1313,2021 1369,2063 1648,2059 1631,1976 1322,1948 870,2008 533,1959 181,1974"/>
                <Baseline points="192,2022 212,2022 242,2022 272,2022 302,2022 332,2022 362,2022 392,2022 422,2022 452,2022 482,2022 512,2020 542,2020 572,2020 602,2020 632,2020 662,2020 692,2020 722,2020 752,2020 782,2022 812,2022 842,2022 872,2022 902,2022 932,2022 962,2022 992,2022 1022,2022 1052,2020 1082,2022 1112,2024 1142,2022 1172,2024 1202,2022 1232,2022 1262,2022 1292,2022 1322,2020 1352,2020 1382,2020 1412,2020 1442,2020 1472,2020 1502,2018 1532,2018 1562,2018 1592,2018 1622,2018 1652,2020"/>
                <TextEquiv>
                    <Unicode>6. Vaarlied (hervraagd). EM. WAMBACH.</Unicode>
                </TextEquiv>
            </TextLine>
            <TextLine id="tr_1_tl_20" custom="readingOrder {index:19;}">
                <Coords points="183,2142 300,2117 446,2166 808,2114 927,2157 1068,2115 1243,2163 1332,2123 1564,2151 1652,2129 1652,2066 183,2076"/>
                <Baseline points="194,2122 216,2116 246,2114 276,2114 306,2114 336,2114 366,2114 396,2114 426,2114 456,2114 486,2116 516,2114 546,2114 576,2114 606,2114 636,2114 666,2114 696,2112 726,2112 756,2112 786,2112 816,2112 846,2112 876,2112 906,2112 936,2112 966,2112 996,2112 1026,2112 1056,2112 1086,2114 1116,2114 1146,2114 1176,2114 1206,2114 1236,2114 1266,2114 1296,2114 1326,2112 1356,2112 1386,2110 1416,2112 1446,2110 1476,2110 1506,2110 1536,2108 1566,2108 1596,2108 1626,2108 1656,2112"/>
                <TextEquiv>
                    <Unicode>7. Fantazij op spaansche wijzen..... F. A. G v AERT.</Unicode>
                </TextEquiv>
            </TextLine>
            <TextLine id="tr_1_tl_21" custom="readingOrder {index:20;}">
                <Coords points="181,2212 394,2251 463,2208 746,2210 855,2257 1256,2212 1660,2249 1678,2123 1185,2191 181,2161"/>
                <Baseline points="192,2204 222,2206 252,2204 282,2204 312,2206 342,2206 372,2206 402,2208 432,2208 462,2206 492,2206 522,2206 552,2206 582,2206 612,2206 642,2206 672,2206 702,2208 732,2208 762,2208 792,2208 822,2208 852,2208 882,2210 912,2210 916,2208 932,2210 934,2208 964,2208 994,2214 1024,2214 1054,2218 1084,2214 1114,2212 1144,2210 1174,2210 1204,2208 1234,2208 1264,2206 1294,2204 1324,2204 1354,2204 1384,2204 1414,2204 1444,2202 1474,2202 1504,2200 1534,2200 1564,2200 1594,2200 1624,2200 1654,2202 1684,2202"/>
                <TextEquiv>
                    <Unicode>8. Krijgswals E. WALDTEUFEL.</Unicode>
                </TextEquiv>
            </TextLine>
        </TextRegion>
        <TextRegion id="tr_2" custom="readingOrder {index:2;}">
            <Coords points="198,2278 1712,2278 1712,2868 198,2868"/>
            <TextLine id="tr_2_tl_1" custom="readingOrder {index:0;}">
                <Coords points="196,2347 1707,2343 1690,2294 1494,2281 196,2287"/>
                <Baseline points="206,2332 212,2330 242,2332 272,2334 302,2334 332,2334 362,2336 392,2336 422,2336 452,2338 482,2338 512,2338 542,2336 572,2336 602,2334 632,2334 662,2332 692,2332 722,2330 752,2330 782,2330 812,2330 842,2330 872,2330 902,2328 932,2330 962,2332 992,2332 1022,2332 1052,2330 1082,2330 1112,2330 1142,2330 1172,2330 1202,2330 1232,2330 1262,2330 1292,2330 1322,2330 1352,2330 1382,2330 1412,2328 1442,2330 1472,2328 1502,2328 1532,2328 1562,2328 1592,2328 1622,2328 1652,2330 1682,2328 1712,2328"/>
                <TextEquiv>
                    <Unicode>Woensdag, 9 d., te 8 1/2 ure's avonds, Concert met de medewerking van</Unicode>
                </TextEquiv>
            </TextLine>
            <TextLine id="tr_2_tl_2" custom="readingOrder {index:1;}">
                <Coords points="273,2394 1695,2396 1695,2345 1560,2332 273,2342"/>
                <Baseline points="284,2382 290,2382 320,2382 350,2382 380,2382 410,2384 440,2382 470,2380 500,2382 530,2382 560,2382 590,2382 620,2380 650,2380 680,2380 710,2380 740,2378 770,2378 800,2378 830,2380 860,2380 890,2380 920,2380 950,2378 980,2380 1010,2380 1040,2380 1070,2378 1100,2378 1130,2378 1160,2378 1190,2378 1220,2378 1250,2378 1280,2378 1310,2378 1340,2378 1370,2378 1400,2378 1430,2378 1460,2376 1490,2376 1520,2376 1550,2376 1580,2374 1610,2376 1640,2374 1670,2374 1700,2372"/>
                <TextEquiv>
                    <Unicode>Mevrouw Leytens-Van den Bergh, leerares aan het Koninklijk Conser-</Unicode>
                </TextEquiv>
            </TextLine>
            <TextLine id="tr_2_tl_3" custom="readingOrder {index:2;}">
                <Coords points="273,2441 784,2445 810,2439 810,2392 669,2396 652,2383 548,2407 480,2390 273,2402"/>
                <Baseline points="284,2428 304,2428 334,2430 364,2430 394,2430 424,2428 454,2428 484,2430 514,2430 544,2430 574,2432 604,2430 634,2428 664,2428 694,2428 724,2428 754,2428 784,2426 814,2424"/>
                <TextEquiv>
                    <Unicode>vatorium van Antwerpen.</Unicode>
                </TextEquiv>
            </TextLine>
            <TextLine id="tr_2_tl_4" custom="readingOrder {index:3;}">
                <Coords points="192,2530 1701,2534 1701,2477 1624,2460 192,2470"/>
                <Baseline points="202,2510 232,2512 262,2512 292,2514 322,2514 352,2514 382,2514 412,2514 442,2512 472,2514 502,2512 532,2514 562,2514 592,2514 622,2514 652,2514 682,2514 712,2510 742,2510 772,2510 802,2510 832,2510 862,2508 892,2508 922,2508 952,2508 982,2508 1012,2508 1042,2508 1072,2510 1102,2510 1132,2510 1162,2510 1192,2510 1222,2510 1252,2510 1282,2508 1312,2508 1342,2510 1372,2508 1402,2510 1432,2508 1462,2508 1492,2508 1522,2504 1552,2506 1582,2506 1612,2508 1642,2508 1672,2510 1702,2514 1706,2512"/>
                <TextEquiv>
                    <Unicode>Woensdag, 16 Maart, Berlioz-Concert: Symphonie fantastique en Lelio,</Unicode>
                </TextEquiv>
            </TextLine>
            <TextLine id="tr_2_tl_5" custom="readingOrder {index:4;}">
                <Coords points="431,2577 1471,2577 1471,2524 1407,2517 1044,2543 431,2524"/>
                <Baseline points="442,2564 456,2562 486,2564 516,2564 546,2566 576,2566 606,2566 636,2566 666,2564 696,2562 726,2562 756,2560 786,2560 816,2560 846,2558 876,2558 906,2558 936,2560 966,2558 996,2560 1026,2560 1056,2560 1086,2560 1116,2560 1146,2558 1176,2560 1206,2560 1236,2558 1266,2560 1296,2558 1326,2558 1356,2558 1386,2558 1416,2558 1446,2558 1476,2560"/>
                <TextEquiv>
                    <Unicode>lyrisch monodrema, (recitant, soli, koor en orkest).</Unicode>
                </TextEquiv>
            </TextLine>
            <TextLine id="tr_2_tl_6" custom="readingOrder {index:5;}">
                <Coords points="294,2649 1462,2643 1652,2679 1701,2666 1703,2609 296,2609"/>
                <Baseline points="304,2648 326,2646 356,2646 386,2646 416,2648 446,2648 476,2650 506,2648 536,2648 566,2650 596,2650 626,2650 656,2652 686,2648 716,2648 746,2646 776,2644 806,2644 836,2642 866,2642 896,2642 926,2642 956,2642 986,2644 1016,2642 1046,2642 1076,2642 1106,2642 1136,2642 1166,2640 1196,2640 1226,2642 1256,2640 1286,2640 1316,2642 1346,2642 1376,2642 1406,2642 1436,2642 1466,2640 1496,2640 1526,2642 1556,2642 1586,2642 1616,2644 1646,2646 1676,2646 1706,2644"/>
                <TextEquiv>
                    <Unicode>Gemengd koor: Samenoefening (Dames en Heeren). Maandag 7</Unicode>
                </TextEquiv>
            </TextLine>
            <TextLine id="tr_2_tl_7" custom="readingOrder {index:6;}">
                <Coords points="188,2724 865,2694 1452,2730 1624,2709 1645,2669 190,2654"/>
                <Baseline points="198,2698 208,2698 238,2698 268,2700 298,2700 328,2700 358,2698 388,2700 418,2700 448,2698 478,2698 508,2698 538,2698 568,2698 598,2698 628,2698 658,2698 688,2696 718,2698 748,2698 778,2694 808,2694 838,2692 868,2692 898,2692 928,2692 958,2692 988,2692 1018,2692 1048,2692 1078,2692 1108,2692 1138,2692 1168,2692 1198,2690 1228,2690 1258,2692 1288,2690 1318,2692 1348,2692 1378,2692 1408,2692 1438,2692 1468,2692 1498,2692 1528,2692 1558,2692 1588,2692 1618,2692 1648,2694"/>
                <TextEquiv>
                    <Unicode>dezer, te 8 1/2 ure ’s avonds. Ter studie: Lelio van Hector Berlioz.</Unicode>
                </TextEquiv>
            </TextLine>
            <TextLine id="tr_2_tl_8" custom="readingOrder {index:7;}">
                <Coords points="358,2760 1149,2739 1379,2771 1360,2699 358,2705"/>
                <Baseline points="368,2748 394,2748 424,2748 454,2750 484,2748 514,2748 544,2746 574,2748 604,2748 634,2750 664,2748 694,2748 724,2746 754,2746 784,2744 814,2744 844,2742 874,2742 904,2742 934,2740 964,2740 994,2740 1024,2742 1054,2740 1084,2740 1114,2740 1144,2738 1174,2740 1204,2740 1234,2740 1264,2740 1294,2742 1324,2742 1354,2740 1384,2748"/>
                <TextEquiv>
                    <Unicode>Inschrijvingen worden aangenomen op de repetitië</Unicode>
                </TextEquiv>
            </TextLine>
            <TextLine id="tr_2_tl_9" custom="readingOrder {index:8;}">
                <Coords points="1456,2763 1467,2762 1473,2767 1475,2765 1486,2769 1492,2767 1503,2777 1516,2777 1515,2726 1507,2726 1499,2733 1496,2731 1490,2735 1483,2730 1473,2731 1469,2735 1466,2731 1456,2731"/>
                <Baseline points="1466,2756 1492,2754 1522,2754"/>
                <TextEquiv>
                    <Unicode>id</Unicode>
                </TextEquiv>
            </TextLine>
            <TextLine id="tr_2_tl_10" custom="readingOrder {index:9;}">
                <Coords points="593,2799 1294,2792 1313,2747 595,2771"/>
                <Baseline points="604,2790 628,2786 658,2784 688,2782 718,2780 748,2778 778,2776 808,2774 838,2772 868,2770 898,2770 928,2768 958,2768 988,2766 1018,2768 1048,2764 1078,2764 1108,2764 1138,2762 1168,2762 1198,2762 1228,2760 1258,2758 1288,2762 1318,2770"/>
                <TextEquiv>
                    <Unicode>nemmisch nach einiger Stadt.</Unicode>
                </TextEquiv>
            </TextLine>
            <TextLine id="tr_2_tl_11" custom="readingOrder {index:10;}">
                <Coords points="584,2860 742,2829 1059,2820 1110,2858 1157,2822 1240,2822 1240,2792 1217,2790 586,2805"/>
                <Baseline points="594,2828 612,2828 642,2828 672,2830 702,2826 732,2826 762,2822 792,2824 822,2820 852,2820 882,2820 912,2818 942,2818 972,2818 1002,2818 1032,2816 1062,2818 1092,2818 1122,2820 1154,2818 1154,2818 1186,2816 1216,2814 1244,2820"/>
                <TextEquiv>
                    <Unicode>Drukk. Cl. THIDAUT, Gratlekapelstraat, 7, Antwer</Unicode>
                </TextEquiv>
            </TextLine>
            <TextLine id="tr_2_tl_12" custom="readingOrder {index:11;}">
                <Coords points="1238,2865 1253,2867 1260,2860 1270,2861 1281,2846 1288,2848 1292,2843 1313,2858 1362,2858 1353,2767 1336,2765 1305,2775 1288,2773 1277,2765 1268,2775 1253,2771 1228,2775"/>
                <Baseline points="1244,2820 1276,2820 1306,2830 1336,2832 1364,2830"/>
                <TextEquiv>
                    <Unicode>peu.</Unicode>
                </TextEquiv>
            </TextLine>
            <TextLine id="tr_2_tl_13" custom="readingOrder {index:12;}">
                <Coords points="1142,2841 1162,2846 1172,2839 1179,2839 1194,2856 1200,2854 1200,2858 1209,2863 1226,2856 1236,2858 1240,2816 1228,2814 1219,2820 1213,2816 1209,2820 1194,2818 1189,2822 1145,2820"/>
                <Baseline points="1154,2833 1158,2834 1188,2834 1218,2832 1244,2820"/>
                <TextEquiv>
                    <Unicode>D'ABIHT</Unicode>
                </TextEquiv>
            </TextLine>
            <TextLine id="tr_2_tl_14" custom="readingOrder {index:13;}">
                <Coords points="938,2876 949,2875 961,2884 974,2875 985,2878 1030,2844 1044,2846 1066,2863 1081,2863 1081,2822 1064,2824 1057,2818 1051,2824 1025,2826 1015,2822 993,2824 985,2818 981,2822 938,2824"/>
                <Baseline points="948,2836 966,2836 996,2838 1026,2838 1056,2838 1086,2834"/>
                <TextEquiv>
                    <Unicode>2)10quil„</Unicode>
                </TextEquiv>
            </TextLine>
            <TextLine id="tr_2_tl_15" custom="readingOrder {index:14;}">
                <Coords points="676,2869 705,2882 718,2876 733,2882 761,2863 797,2884 850,2856 872,2861 899,2848 921,2856 923,2828 868,2822 816,2837 786,2835 782,2828 678,2837"/>
                <Baseline points="686,2858 716,2854 746,2852 776,2850 806,2850 836,2846 866,2844 896,2842 926,2840"/>
                <TextEquiv>
                    <Unicode>taiovnL j s.s.d.i)</Unicode>
                </TextEquiv>
            </TextLine>
        </TextRegion>
    </Page>
</PcGts>
