1839 3021
286 142 1663 258 Koninklijke Maarschappij van Dierkunde
734 250 1206 332 VAN ANTWERPEN
813 307 1145 394 Näytte ei
463 377 1443 499 WoensDAG 9 MAART 1898
793 485 1142 565 te 8 ure ’s avonds
370 592 1066 766 Symonisch
1147 586 1589 757 Conclusu
557 749 1358 842 door het Orkest der Maatschappij
383 808 1549 908 onder de leiding van M. EDWARD KEURVLS
618 887 1305 952 EN MET DE MEDKWERLING VAN
248 925 1667 1041 Mev. Eliza LEYTENS-VAN DEN BERCH, Pianiste
366 1014 1559 1126 Leerares aan het Koninklijk conservatorium van Antwerpen.
662 1075 1259 1153 u
758 1124 1170 1204 PROGRAMMA
654 1197 1253 1263 —  —   —
793 1236 1115 1339 EERSTE DEEL
188 1322 1707 1432 i. Euryanthe ( openingstuk). C.M. VON WeBER.
192 1394 1227 1487 2. A) Adagio uit de 8ste klaviersonate
237 1479 1003 1547 B) Turksche marsch uit de
1291 1466 1712 1553 L. VAN BEETHOFEN.
358 1517 1291 1612 « Ruinen von Athenen »...
184 1591 1117 1697 3. Concerto voor orkest en klavier..
1147 1608 1691 1727 ... ROB. SCHUMANN.
320 1669 1087 1764 a) allegro affettuoso. b) Andantino grazioso.
324 1718 637 1779 c) allegro vivace.
360 1748 1123 1845 Mev. Eliza Leytens-Van den Bergh
776 1837 1111 1930 TWEEDE DEEL
182 1915 740 2014 4. Parisina (voorspel)
791 1919 1695 2021 EDW. «EURVEIS.
186 1991 1707 2093 5. Boheemsche danswijze..... ALEX.STADTFELD.
184 2095 1652 2190 6. Symfonisch gedicht voor klavier en orkest PETER BENOIT.
320 2169 802 2234 a) Ballade. b) Bardenzang.
324 2215 707 2277 c) Fantastische jacht,
353 2243 1123 2346 Mev. Eliza Leytens-Van den Bergh.
182 2338 897 2423 7. Koningsmarsch...
920 2332 1635 2414 EM. WAMBACH.
256 2408 1616 2488 Concertvleugel Rud. Ibach van het huis Leytens-Van den Bergh.
241 2514 1693 2558 Woensdag,16 d., te 8 urs’s avonds: Berlioz-Concert. Uitvoering van de
186 2564 1691 2630 Symphonie fantastique en van Lelio, Iyrisch monodrema, voor recitant,
190 2613 586 2679 soli, koor en orkest.
279 2693 1693 2742 Woensdag, 23 Maart, Symfonisch Concert met de medewerking van
188 2732 1667 2833 Mijnheer Edm. De Herdt 1ste Viool-solo, bij het Orkest der Maatschappij.
679 2787 1193 2892 Drukk. CL. THIBAUT, Gratiekapelstr. 7.
