2163 2633
757 250 1837 382 SOCIÉTÉ ROYALE DE ZOLOGIE D'ANVERS.
583 367 1971 488 MERCREDI, 16 Mars 1893, à 8 heures du soir
424 458 1313 619 CONCERT
1334 490 2015 634 BERLIO
611 600 1947 706 par l'Orchestre de Symphonie et le Chœur Mixte de la Société
812 681 1750 770 sous la direction de M. Edward KEURVLS
1027 747 1534 832 ET AVEC LE CONCOURS DE
965 776 1459 872 MM. H. de R...,
1078 851 1640 919 Constantin De Bom,
1084 902 1459 982 Louis Leysen,
1296 938 1763 1018 du Théâtre Lyrique Néerlandais.
1080 980 1415 1061 J. Van Laer
1290 1020 1555 1084 du Théâtre Royal.
1171 1061 1370 1131 ¬
793 1105 1663 1224 PROGRA MME:
668 1175 995 1290 Episode
1008 1201 1869 1298 de la vie d'un artiste. (*)
1014 1249 1521 1353 PREMIÈRE PARTIE
412 1305 1114 1389 Symphonie Fontastique.
1697 1309 2096 1413 HECTOR BERLION
577 1385 1056 1455 A) Rêveries, passion.
579 1434 810 1500 B) Un bal.
566 1479 1069 1551 c) Scène aux champs.
577 1538 1084 1608 D) Marche au supplice.
566 1576 1266 1676 E) Songe d'une nuit de Sabbat.
1001 1633 1508 1739 DEUXIÈME PARTIE
407 1701 1232 1790 LÉLIO, ou le Retour à la Vie.
469 1771 1534 1841 (monodname lyrique pour Récitant, Soli. Chœur et Orchestre).
1695 1773 2053 1877 HECTOR BERLIS
1012 1818 1406 1873 Paroles et musique de
564 1839 1218 1915 Récitant : M. H. de R...,
1568 1852 1708 1920 (Lélio).
571 1884 1525 1981 Solistes: MM. Constantin DE BOM, ténor,
1570 1903 1941 1985 (La voix de Lélio).
904 1949 1400 2007 Louis LEYSEN, ténor,
1570 1956 1773 2017 (Horatio).
902 1998 1442 2068 J. VAN LAER. baryton,
1561 1975 2039 2077 (Un Capitaine de Brigan
666 2032 1862 2109 Chœur Mixte de la Société (Spectres, Brigands, Sylphes).
424 2087 2055 2181 (1) Cette œuvre est exécutée aujourd'hui pour la première fois intégralement à Anvers
662 2176 1871 2244 Piano RUD. IBACH de la maison LEYTENS-VAN DEN BERCH.
401 2217 2104 2316 N.B. — La sortie se fera exclusivement par les portes de la façade.
501 2310 2009 2376 Mercredi, 23 crt, Concert avec le concours de M. Epiono DEHERDr, 1re Violon-Solo
1001 2344 1515 2384 de l’orchestre de la Société.
399 2350 2068 2469 La 1re répétition (Dames et Hommes) de la Rubenseantate, aura lieu le Samedi 19 c
564 2456 2060 2535 8 1/2 hs du soir et non le Jeudi 17 ct. — La répétition des Enfants resté fixée
571 2484 1275 2567 Jeudi 17 crt, à 2 1/2 hs de l'après-midi.
