1898 3007
320 143 1695 275 Korinklijke Maatschappij van Dierkunde
765 262 1243 377 VAN ANTWERPEN
940 341 1185 407 3-
976 381 1062 435 1675
544 399 1462 535 ZONDAG 20 MAART 1898
789 499 1211 590 te 3 1/2 ure namiddag
1230 691 1677 831 R
689 804 1319 910 door het Symfonisch Orkest
364 874 1641 985 onder de leiding van den Heer Edward KEURYELS
648 972 1353 1030 —  —    — —  —
774 1021 1224 1111 PROGRAMMA
635 1087 1353 1174 —  —   — — —  —
833 1153 1157 1253 EERSTE DEEL
232 1243 1682 1358 1. Krijgsmarsch JULES BOUVAL.
224 1332 1710 1462 2. Jubelouverture......... JOS. CALLAERTS.
224 1435 1667 1513 3. A) Pizzicato uit het ballet Sylvia..... L EO IELIBES.
275 1503 1754 1584 B) Polonaise héroïque... H. BALTHASAR-FLORÈNCE.
220 1582 1660 1673 4. Spaansche wals H. VAN GAEL.
808 1682 1160 1774 TWEEDE DEEL
215 1739 1601 1869 5. Willem Teli (openingstuk) G. Rossi.
211 1822 1722 1940 6. a) Herodiade (tusschenspel) JULES MASSENET.
269 1910 936 1987 B) Mijn hart verzucht
1130 1908 1684 1999 W. A. MoZART.
388 1955 1030 2025 (romance uit Figaro's Bruiloft)
445 2008 978 2100 Solist: M. Edmond De Herdt.
217 2089 931 2161 7. De Walpurgisnacht
1241 2053 1645 2187 CH. GOUNOD.
384 2140 1076 2228 (ballet uit het zangspel Faust).
296 2255 1735 2319 Woensdag, 23 Maart, Symfonisch Concert met de medewerking van
219 2294 1710 2377 Mijnheer Edm. De Herdt 1ste Viool-solo, bij het Orkest der Maatschappij.
252 2394 1741 2453 Rubenscantante' (30 maart). De oefeningen zullen plaats hebben in het
224 2432 1230 2509 Feestlokaal der Maatschappij op volgende dagen:
220 2473 1032 2524 Dames en Heeren, Maandag, 21 Maart
1121 2464 1735 2575 van 8 1/2 tot 10 ure's avonds.
215 2522 1202 2609 Dames, Heeren en Kinderen, Dond.24 Maart »
799 2560 1119 2618 Vrijdag 25 „
251 2577 1726 2686 Algemeene repetitie met Orkest, Zondag 27 Maart: Uur later te
215 2639 392 2698 bepalen.
252 2650 1720 2752 Kinderen afzonderlijk : Donderdag, 24 Maart, te 2 1/2 ure ’s namiddags
605 2733 1317 2835 Drukk. Cl. THIBAUT, Gratiekapelstraat, 7, Antwerpan.
