1898 3003
256 197 1642 313 Koninklijke Maarschappij von Dierkunde
710 282 1182 374 VAN ANTWERPEN
993 345 1128 416 Hier
784 351 975 431 Titä
431 403 1454 527 WoensDAG 23 MAART 1898
769 510 1122 609 te 8 ure ’s avonds
279 641 1594 805 Symschisch Congräst
540 796 1340 886 door het Orkest der Maatschappij
361 870 1527 949 onder de leiding van M. EDWARD KEURVerLS
605 922 1290 1004 EN MET DE MEDKWERKING VAN
298 994 1600 1099 M. Edmond DEHERDT, 1ste Viool-Solo bij het Orkest.
653 1069 1243 1143 u.
739 1117 1151 1189 PROGRAMMA
639 1183 1245 1250 rvwwvwvotuwwwosuwos
775 1237 1098 1327 EERSTE DEEL
176 1311 1710 1422 i. Jubel-Ouverture. C.M. VON WEEER.
172 1409 1519 1498 2. Twee hongaarsche dansen. F. BEHR.
168 1496 1588 1600 3. Concerto voor Viool en Orkest.... Max BRUCH.
384 1565 620 1626 a) Voorspel.
378 1611 580 1668 b) Adagio.
382 1655 529 1706 c) Slot.
342 1676 981 1775 Solist: M Edmond De Herdt.
767 1762 1111 1846 TWEEDE DEEL,
176 1851 1645 1956 4. Der Fliegende Holländer (openingstuk) RICH. WAGNER.
1302 1937 1672 2018 ROB. SCHUMANN.
172 1935 657 2025 5. a) Droomerij
968 1953 1220 2021 ....
239 1977 1659 2082 B) Messalina (voorspel) L. MANCINELLLI.
1195 2073 1693 2165 PABLO DE SARASATE.
179 2094 826 2186 6. Zigeunerweisen.
1098 2102 1178 2191 .
342 2151 993 2241 Solist: M. Edmond De Herdt.
185 2203 1693 2283 7. Hongaarsche marsch HECTOR BERLIOZ.
225 2302 1693 2352 Woensdag, 30 d., te 8 ure ’s avonds, ter gelegenheid van het sluiten der
185 2344 1687 2390 Winterconcerten, Peter-Benoit Concert, met de medewerking der Heerer
185 2386 1687 2443 Bernard Takkie, (bas) van het Nederlandsch Lyrisch Tooneel en Jos
183 2434 1691 2487 Brabants (fluitspeler) 1° Prijs van het Koninklijk Conservatorium te
187 2478 1304 2529 Brussel. Uitvoering der Rubens-Cantate (275 zangers).
223 2544 1693 2611 Rubenseantante (30 Maart). De oefeningen zullen plaats hebben in het
179 2590 1191 2638 Feestlokaal der Maatschappij op volgende dagen:
183 2640 1689 2695 Dames, Heeren en Kinderen, Dond.24 Maart van 8 1/2 tot 10 ure’s avonds.
1021 2680 1082 2720 »
760 2674 973 2731 Vrijdag 25
221 2691 1691 2773 Algemeene repetitie met Orkest, Zondag 27 Maart: Uur later te
183 2760 363 2819 bepalen.
218 2791 1678 2863 Kinderen afzonderlijk: Donderdag, 24 Maart, te 2 1/2 ure ’s namiddags.
576 2876 1288 2951 Drukk. Cl. TuiBAUT, Gratiekapelstraat, 7, Antwerpen.
