1994 3012
343 270 1721 377 Koninklijke Staatschappij van Dierkunde
828 360 1226 434 IN ANTVERPEN
881 415 1215 504 24/2
552 499 1494 605 DONDERDAG 26 MEI 1898
841 581 1194 661 te 8 ure ’s avonds
1224 683 1630 843 3 6 F
449 682 1118 845 Yhtiöhisen
619 864 1426 927 door het Orkest der Maatschappij
442 914 1614 1013 onder de leiding van M. EDWARD KEURYELS
729 990 1333 1058 .
819 1041 1236 1121 PROGRAMMA
718 1100 1321 1177 vernommen vernom-
864 1167 1186 1251 EERSTE DEEL
259 1220 1651 1348 I. Feestmarsch J. SCHREY.
263 1329 1719 1418 2 Ulysse’s terugkomst (symfonische ode). J. CALLAERTS.
463 1407 828 1481 a) Voor het vertrek.
466 1458 657 1513 b) In zee.
468 1477 956 1582 c) Zegepralende aankomst.
261 1574 1711 1668 3. Czardas G. MlCHIELS.
259 1664 1706 1751 4. Nederland! ( openingstuk) W. DE MOL.
853 1753 1196 1850 TWEEDE DEEL
259 1841 1751 1928 5 La Chasse du Jeune Henry E. E. N. MÉHUL.
440 1906 735 1993 (openingstuk).
261 1991 1793 2109 6. Polonaise héroïque....BALTHASAR-FLORANCE.
268 2096 866 2187 7. Beiaard
1009 2087 1711 2186 CH. HEMLEB.
265 2189 1769 2265 8. De Bij (perzische dans uit het ballet « Bjamileh») THÉO ChARLiER.
268 2283 1786 2370 Donderdag, 2 Juni, ter gelegenheid van het International Congres voor de Bescherming
303 2357 1795 2399 der Vrijgemaakten en der zedelijk Verlatene Kinderen, Buitenge woon Concert
299 2385 1790 2454 met de medewerking van Mej. Laura Callemien (zangeres) en M. Arthur
301 2416 624 2490 Arens (bariton).
746 2443 1325 2494 Verlichting van het Concertplein.
265 2517 1788 2570 Kindercantate: De oefeningen voor Kinderen hebben plaats alle Don¬
366 2557 1097 2620 derdagen, te 2 1/2 ure ’s namiddags.
476 2578 1569 2660 Men kan zich laten inschrijven tijdens de repetitiën.
265 2646 1791 2726 L. W. Niet ingenomen stoelen of plaatsen mogen onder geen voorwendse
354 2720 1780 2779 voorbehouden worden ; ook moeten de meubelen der voorpleinen ter
352 2757 666 2848 plaatse blijven.
674 2781 1386 2896 Drukk. Cl. THIBAUT, Gratiekapelstraat, 7, Antwerpen.
