1980 3012
325 307 1706 423 Koninklijke Maatschappij van Dierkunde
818 399 1212 474 IN ANTVERPEN
856 457 1189 559 Johannes
602 544 1415 666 ZONDAG 12 JUNI 1898
824 655 1170 734 te 8 ure ’s avonds
369 732 455 924 Martia
452 751 1076 954 Ymjonisch
1200 754 1654 935 Höheert
596 937 1413 1018 door het Orkest der Maatschappij
429 1023 1593 1133 onder de leiding van M. EDWARD KEURYELS
709 1146 1311 1221 u.
805 1204 1208 1281 PROGRAMMA
704 1262 1298 1343 vernommen   auch
847 1321 1161 1418 EERSTE DEEL
248 1417 1687 1535 1. De Zigeunerin (openingstuk)... M. W. BALTE.
250 1507 1701 1592 2. A) Het refrein van den visscher (vaarlied) LÉONCE GRAS.
1262 1575 1669 1678 FR SPINDLES
305 1582 1225 1684 B) Amazonen-Rid.
252 1659 1665 1778 3. Die Loreley (omschrijving) J. NESVADBA.
250 1736 1718 1870 4. Tannhäuser (optocht der Edelen) RICH. WAGNER.
833 1851 1170 1953 TWEEDE DEEL
254 1951 1625 2084 5. Willem Teli (openingstuk) G. RossINI.
250 2058 1661 2160 6. Loin du bal. ERN. GILLET.
256 2131 1712 2246 7. Les Huguenots (bloemlezing) G. MEYERBER.
246 2261 1755 2340 8 Zoete woorden (wals) EM. WALDTEUFEL.
835 2342 988 2389 —
263 2323 421 2391 _
258 2376 1761 2466 In geval van ongunstig weder, geschieden de Symfonische Concerten in de
337 2429 561 2487 Feestzaal.
252 2500 1757 2562 Gemengd Koor: Oefening, morgen Maandag, te 7 1/2 ure, voor de
341 2547 1608 2594 Dames te 8 ure, samenoefening (Dames Heeren en Kinderen).
258 2594 1755 2683 L. W. Niet ingenomen stoelen of plaatsen mogen onder geen voorwendsel
348 2647 1750 2730 voorbehouden worden ; ook moeten de meubelen der voorpleinen ter
339 2717 642 2777 plaatse blijven
651 2732 1356 2852 Drukk. Cl. THIBAUT, Gratiekapelstraat, 7, Altwerpen.
