<?xml version="1.0" encoding="UTF-8" standalone="yes"?>
<PcGts xmlns="http://schema.primaresearch.org/PAGE/gts/pagecontent/2013-07-15" xmlns:xsi="http://www.w3.org/2001/XMLSchema-instance" xsi:schemaLocation="http://schema.primaresearch.org/PAGE/gts/pagecontent/2013-07-15 http://schema.primaresearch.org/PAGE/gts/pagecontent/2013-07-15/pagecontent.xsd">
    <Metadata>
        <Creator>prov=READ-COOP:name=TrHtr:version=2.18.1:model_id=51170:date=15_10_2024_23:17</Creator>
        <Created>2024-10-15T16:01:19.647+02:00</Created>
        <LastChange>2024-10-15T23:17:02.653+02:00</LastChange>
        <TranskribusMetadata docId="4643012" pageId="80338180" pageNr="51" tsid="193968439" status="IN_PROGRESS" userId="131016" imgUrl="https://files.transkribus.eu/Get?id=YJQUEMTSWVSQBUSGJESEXVMP&amp;fileType=view" xmlUrl="https://files.transkribus.eu/Get?id=KNNBRDWYOMYODSAPDKJNKIRS" imageId="65798904"/>
    </Metadata>
    <Page imageFilename="0051_kca-srdda-cpr1898-030901108859-tx-00051.jpg" imageWidth="1862" imageHeight="3012">
        <ReadingOrder>
            <OrderedGroup id="ro_1757315771910" caption="Regions reading order">
                <RegionRefIndexed index="0" regionRef="tr_2"/>
                <RegionRefIndexed index="1" regionRef="tr_1"/>
            </OrderedGroup>
        </ReadingOrder>
        <TextRegion id="tr_2" custom="readingOrder {index:0;}">
            <Coords points="254,222 1628,222 1628,1120 254,1120"/>
            <TextLine id="tr_2_tl_1" custom="readingOrder {index:0;}">
                <Coords points="243,287 1623,319 1623,234 1430,201 243,216"/>
                <Baseline points="254,272 284,272 314,272 344,274 374,272 404,274 434,274 464,274 494,272 524,274 554,274 584,274 614,274 644,276 674,276 704,274 734,274 764,274 794,274 824,274 854,274 884,274 914,276 944,274 974,276 1004,278 1034,278 1064,278 1094,276 1124,278 1154,278 1184,278 1214,280 1244,278 1274,280 1304,278 1334,280 1364,280 1394,280 1424,282 1454,282 1484,284 1514,284 1544,284 1574,284 1604,284 1628,282"/>
                <TextEquiv>
                    <Unicode>Koninklijke Maatschappij van Dierkunde</Unicode>
                </TextEquiv>
            </TextLine>
            <TextLine id="tr_2_tl_2" custom="readingOrder {index:1;}">
                <Coords points="725,355 780,374 799,361 856,376 885,353 910,353 951,378 1035,359 1071,378 1107,353 1145,357 1145,296 1008,311 997,300 883,306 809,292 790,304 767,292 725,306"/>
                <Baseline points="736,342 766,342 796,342 826,344 856,344 886,344 916,344 946,344 976,344 1006,344 1036,344 1066,346 1096,346 1126,344 1150,342"/>
                <TextEquiv>
                    <Unicode>IN ANTWERPEN</Unicode>
                </TextEquiv>
            </TextLine>
            <TextLine id="tr_2_tl_3" custom="readingOrder {index:2;}">
                <Coords points="972,431 991,435 1025,414 1031,418 1048,414 1056,422 1067,418 1077,423 1113,422 1109,376 1077,374 1056,382 1041,374 1020,382 999,368 968,370"/>
                <Baseline points="980,394 1010,396 1040,402 1070,402 1100,404 1114,402"/>
                <TextEquiv>
                    <Unicode>Pu-</Unicode>
                </TextEquiv>
            </TextLine>
            <TextLine id="tr_2_tl_4" custom="readingOrder {index:3;}">
                <Coords points="782,410 832,406 917,450 976,435 965,355 942,355 917,374 885,355 860,372 799,361 778,370"/>
                <Baseline points="790,398 820,400 850,402 880,406 910,412 924,413 924,413 956,416 976,420"/>
                <TextEquiv>
                    <Unicode>Pieter</Unicode>
                </TextEquiv>
            </TextLine>
            <TextLine id="tr_2_tl_5" custom="readingOrder {index:4;}">
                <Coords points="496,515 699,534 894,501 970,532 1137,511 1257,549 1333,528 1331,441 1282,431 1039,452 993,433 955,463 891,433 496,446"/>
                <Baseline points="506,502 528,500 558,500 588,500 618,502 648,502 678,500 708,500 738,502 768,500 798,500 828,500 858,502 888,500 918,500 948,500 978,502 1008,502 1038,504 1068,506 1098,506 1128,506 1158,506 1188,506 1218,504 1248,504 1278,504 1308,504 1338,498"/>
                <TextEquiv>
                    <Unicode>ZONDAG 7 00GST 1898</Unicode>
                </TextEquiv>
            </TextLine>
            <TextLine id="tr_2_tl_6" custom="readingOrder {index:5;}">
                <Coords points="742,566 799,577 832,562 851,570 860,560 875,568 953,560 980,579 1004,564 1018,575 1092,577 1092,524 993,520 968,532 862,515 742,524"/>
                <Baseline points="752,552 782,552 812,552 842,552 872,554 902,554 932,554 962,554 992,556 1022,556 1052,556 1082,556 1094,554"/>
                <TextEquiv>
                    <Unicode>te 8 ure's avonds</Unicode>
                </TextEquiv>
            </TextLine>
            <TextLine id="tr_2_tl_7" custom="readingOrder {index:6;}">
                <Coords points="965,741 972,742 974,746 985,746 989,752 1001,756 1033,632 1016,630 1010,625 997,625"/>
                <Baseline points="986,704 1018,702 1030,688"/>
                <TextEquiv>
                    <Unicode>u.</Unicode>
                </TextEquiv>
            </TextLine>
            <TextLine id="tr_2_tl_8" custom="readingOrder {index:7;}">
                <Coords points="395,703 534,714 568,693 613,718 982,716 980,604 953,598 843,617 796,600 393,602"/>
                <Baseline points="406,698 420,700 450,702 480,700 510,700 540,700 570,698 600,700 630,700 660,702 690,700 720,700 752,695 752,695 784,700 814,700 844,704 874,702 904,702 934,706 964,706 986,704"/>
                <TextEquiv>
                    <Unicode>MEONISCH</Unicode>
                </TextEquiv>
            </TextLine>
            <TextLine id="tr_2_tl_9" custom="readingOrder {index:8;}">
                <Coords points="1166,748 1177,748 1181,744 1191,748 1221,746 1234,606 1179,602"/>
                <Baseline points="1180,704 1202,706 1232,700"/>
                <TextEquiv>
                    <Unicode>D</Unicode>
                </TextEquiv>
            </TextLine>
            <TextLine id="tr_2_tl_10" custom="readingOrder {index:9;}">
                <Coords points="1246,756 1301,748 1352,758 1377,746 1401,756 1435,746 1538,754 1536,602 1392,604 1380,613 1244,608"/>
                <Baseline points="1254,702 1284,704 1314,702 1344,704 1374,706 1404,706 1434,706 1464,706 1494,706 1524,706 1540,708"/>
                <TextEquiv>
                    <Unicode>INCER</Unicode>
                </TextEquiv>
            </TextLine>
            <TextLine id="tr_2_tl_11" custom="readingOrder {index:10;}">
                <Coords points="452,756 463,758 469,752 475,756 480,754 486,760 492,760 509,748 518,748 516,708 507,708 501,712 497,710 492,714 480,712 471,714 467,710 463,710 461,714 450,714"/>
                <Baseline points="460,730 490,730 520,734 524,734"/>
                <TextEquiv>
                    <Unicode>ll.</Unicode>
                </TextEquiv>
            </TextLine>
            <TextLine id="tr_2_tl_12" custom="readingOrder {index:11;}">
                <Coords points="518,822 822,807 1228,830 1318,820 1318,750 1153,773 1008,750 892,773 518,761"/>
                <Baseline points="528,796 558,800 588,800 618,800 648,800 678,802 708,802 738,802 768,800 798,802 828,802 858,802 888,802 918,802 948,804 978,804 1008,804 1038,804 1068,804 1098,804 1128,804 1158,804 1188,804 1218,806 1248,806 1278,806 1308,808 1322,806"/>
                <TextEquiv>
                    <Unicode>door het Orkest der Maatschappij</Unicode>
                </TextEquiv>
            </TextLine>
            <TextLine id="tr_2_tl_13" custom="readingOrder {index:12;}">
                <Coords points="340,894 560,870 682,902 860,868 1134,875 1210,911 1312,879 1508,900 1491,822 340,816"/>
                <Baseline points="350,858 380,862 410,862 440,862 470,862 500,862 530,862 560,862 590,862 620,862 650,862 680,862 710,862 740,862 770,862 800,864 830,864 860,864 890,864 920,864 950,864 980,864 1010,864 1040,864 1070,864 1100,866 1130,866 1160,866 1190,866 1220,864 1250,866 1280,866 1310,866 1340,866 1370,866 1400,868 1430,868 1460,868 1490,868 1512,872"/>
                <TextEquiv>
                    <Unicode>onder de leiding van M. EDWARD KEURYELS</Unicode>
                </TextEquiv>
            </TextLine>
            <TextLine id="tr_2_tl_14" custom="readingOrder {index:13;}">
                <Coords points="623,957 752,934 1223,955 1221,911 1147,887 1067,911 1022,894 955,913 919,900 858,917 809,894 733,910 708,889 668,915 621,911"/>
                <Baseline points="632,928 662,930 692,930 722,932 752,932 782,932 812,932 842,932 872,932 902,932 932,932 962,932 992,932 1022,932 1052,932 1082,934 1112,934 1142,934 1172,934 1202,934 1226,934"/>
                <TextEquiv>
                    <Unicode>u.</Unicode>
                </TextEquiv>
            </TextLine>
            <TextLine id="tr_2_tl_15" custom="readingOrder {index:14;}">
                <Coords points="718,1016 811,1001 851,1001 883,1020 934,1004 972,1018 1023,1004 1134,1008 1134,963 1088,938 1069,953 1039,940 953,955 898,938 851,961 839,949 760,955 718,940"/>
                <Baseline points="728,994 758,992 788,994 818,994 848,996 878,998 908,998 938,996 968,996 998,996 1028,996 1058,996 1088,996 1118,998 1136,998"/>
                <TextEquiv>
                    <Unicode>PROGRAMMA</Unicode>
                </TextEquiv>
            </TextLine>
            <TextLine id="tr_2_tl_16" custom="readingOrder {index:15;}">
                <Coords points="615,1052 761,1037 891,1065 947,1039 1077,1058 1149,1042 1213,1077 1213,993 1185,987 1126,1014 1025,1018 615,1001"/>
                <Baseline points="626,1028 656,1028 686,1030 716,1030 746,1030 776,1032 806,1032 836,1032 866,1032 896,1032 926,1032 956,1030 986,1030 1016,1030 1046,1030 1076,1032 1106,1032 1136,1030 1166,1032 1196,1032 1218,1034"/>
                <TextEquiv>
                    <Unicode>u.</Unicode>
                </TextEquiv>
            </TextLine>
            <TextLine id="tr_2_tl_17" custom="readingOrder {index:16;}">
                <Coords points="758,1135 826,1153 898,1118 957,1116 995,1141 1078,1139 1077,1075 1035,1077 1004,1060 991,1071 965,1061 949,1078 928,1061 902,1069 879,1058 828,1077 756,1073"/>
                <Baseline points="768,1106 798,1108 828,1108 858,1108 888,1110 918,1108 948,1110 978,1110 1008,1110 1038,1110 1068,1110 1084,1110"/>
                <TextEquiv>
                    <Unicode>EERSTE DEEL</Unicode>
                </TextEquiv>
            </TextLine>
        </TextRegion>
        <TextRegion id="tr_1" custom="readingOrder {index:1;}">
            <Coords points="160,1142 1686,1142 1686,2810 160,2810"/>
            <TextLine id="tr_1_tl_1" custom="readingOrder {index:0;}">
                <Coords points="159,1200 258,1236 564,1200 1597,1221 1574,1139 1424,1172 1192,1143 1006,1192 784,1137 570,1168 159,1137"/>
                <Baseline points="170,1192 200,1194 230,1194 260,1192 290,1192 320,1194 350,1194 380,1194 410,1194 440,1194 470,1194 500,1194 530,1192 560,1194 590,1196 620,1196 650,1196 680,1194 710,1196 740,1196 770,1198 800,1198 830,1200 860,1198 890,1200 920,1200 950,1204 960,1202 964,1202 994,1204 1024,1204 1054,1206 1084,1206 1114,1206 1144,1206 1174,1206 1204,1206 1234,1204 1264,1206 1294,1204 1324,1202 1354,1202 1384,1202 1414,1202 1444,1202 1474,1202 1504,1202 1534,1202 1564,1204 1594,1204 1602,1206"/>
                <TextEquiv>
                    <Unicode>I. Diateste (openingstuk) J. GODFFROID.</Unicode>
                </TextEquiv>
            </TextLine>
            <TextLine id="tr_1_tl_2" custom="readingOrder {index:1;}">
                <Coords points="156,1306 1654,1323 1654,1255 1534,1230 1101,1282 156,1246"/>
                <Baseline points="166,1284 196,1286 226,1284 256,1284 286,1284 316,1284 346,1284 376,1284 406,1286 436,1286 466,1286 496,1286 526,1286 556,1286 586,1286 616,1286 646,1288 676,1288 706,1288 736,1290 766,1292 796,1290 826,1292 856,1292 886,1292 916,1292 946,1292 976,1292 1006,1292 1036,1292 1066,1292 1096,1294 1126,1294 1156,1292 1186,1292 1216,1292 1246,1292 1276,1292 1306,1290 1336,1290 1366,1290 1396,1290 1426,1290 1456,1288 1486,1290 1516,1290 1546,1290 1576,1290 1606,1290 1636,1290 1656,1292"/>
                <TextEquiv>
                    <Unicode>2. Martha (bloemlezing)........  FR. VONFLOTow.</Unicode>
                </TextEquiv>
            </TextLine>
            <TextLine id="tr_1_tl_3" custom="readingOrder {index:2;}">
                <Coords points="150,1397 1671,1403 1669,1306 1126,1373 843,1333 150,1352"/>
                <Baseline points="160,1378 190,1378 220,1378 250,1378 280,1378 310,1380 340,1380 370,1380 400,1380 430,1380 460,1380 490,1380 520,1380 550,1382 580,1382 610,1382 640,1382 670,1382 700,1382 730,1382 760,1382 790,1382 820,1384 850,1384 880,1386 910,1388 940,1388 970,1386 1000,1388 1030,1388 1060,1388 1090,1390 1120,1390 1150,1388 1180,1388 1210,1388 1240,1386 1270,1386 1300,1388 1330,1388 1360,1386 1390,1386 1420,1386 1450,1386 1480,1386 1510,1386 1540,1384 1570,1386 1600,1386 1630,1386 1660,1386 1676,1386"/>
                <TextEquiv>
                    <Unicode>3. Perzische nachtronde AlPH. Neurcour.</Unicode>
                </TextEquiv>
            </TextLine>
            <TextLine id="tr_1_tl_4" custom="readingOrder {index:3;}">
                <Coords points="158,1494 1020,1525 1481,1479 1680,1519 1678,1413 1183,1420 1124,1470 520,1411 158,1434"/>
                <Baseline points="168,1472 198,1472 228,1470 258,1470 288,1470 318,1470 348,1470 378,1470 408,1470 438,1472 468,1472 498,1472 528,1472 558,1472 588,1472 618,1474 648,1472 678,1474 708,1474 738,1474 768,1474 798,1474 828,1476 858,1478 888,1480 918,1480 948,1480 978,1480 1008,1482 1038,1480 1068,1482 1098,1482 1128,1482 1158,1482 1188,1482 1218,1482 1248,1480 1278,1480 1308,1480 1338,1478 1368,1478 1398,1478 1428,1478 1458,1478 1488,1478 1518,1478 1548,1478 1578,1478 1608,1478 1638,1478 1668,1478 1686,1478"/>
                <TextEquiv>
                    <Unicode>4. Florencia (walsenreeks)......... GÉRALD M. LANE.</Unicode>
                </TextEquiv>
            </TextLine>
            <TextLine id="tr_1_tl_5" custom="readingOrder {index:4;}">
                <Coords points="742,1595 778,1599 796,1587 849,1599 868,1587 913,1604 957,1576 1086,1578 1086,1504 1020,1525 995,1508 925,1530 896,1519 854,1523 835,1508 782,1528 742,1527"/>
                <Baseline points="752,1564 782,1566 812,1564 842,1566 872,1568 902,1568 932,1566 962,1568 992,1568 1022,1568 1052,1568 1082,1570 1090,1572"/>
                <TextEquiv>
                    <Unicode>TWEEDE DEEL.</Unicode>
                </TextEquiv>
            </TextLine>
            <TextLine id="tr_1_tl_6" custom="readingOrder {index:5;}">
                <Coords points="154,1658 1661,1669 1661,1584 1109,1620 636,1572 537,1612 154,1595"/>
                <Baseline points="164,1652 194,1652 224,1650 254,1650 284,1650 314,1652 344,1652 374,1652 404,1652 434,1654 464,1654 494,1652 524,1654 554,1654 584,1654 614,1654 644,1654 674,1654 704,1654 734,1654 764,1654 794,1656 824,1656 854,1654 884,1656 914,1654 944,1656 974,1658 1004,1658 1034,1656 1064,1656 1094,1656 1124,1658 1154,1658 1184,1656 1214,1656 1244,1658 1274,1658 1304,1656 1334,1658 1364,1658 1394,1658 1424,1656 1454,1658 1484,1658 1514,1658 1544,1658 1574,1658 1604,1658 1634,1656 1664,1658"/>
                <TextEquiv>
                    <Unicode>5. Maximilien Robespierre (openingstuk.. HENsel LITOLFF.</Unicode>
                </TextEquiv>
            </TextLine>
            <TextLine id="tr_1_tl_7" custom="readingOrder {index:6;}">
                <Coords points="347,1720 1173,1730 1160,1663 346,1667"/>
                <Baseline points="358,1698 388,1702 418,1702 448,1704 478,1704 508,1704 538,1704 568,1704 598,1704 628,1706 658,1706 688,1706 718,1706 748,1706 778,1706 808,1708 838,1706 868,1706 898,1706 928,1706 958,1706 988,1708 1018,1708 1048,1708 1078,1708 1108,1708 1138,1708 1168,1706 1178,1706"/>
                <TextEquiv>
                    <Unicode>voor het treurspel van Rob. Griepenkerl)</Unicode>
                </TextEquiv>
            </TextLine>
            <TextLine id="tr_1_tl_8" custom="readingOrder {index:7;}">
                <Coords points="152,1810 1033,1806 1033,1773 1008,1770 936,1791 862,1762 763,1791 665,1785 575,1739 422,1760 152,1732"/>
                <Baseline points="162,1790 192,1794 222,1794 252,1794 282,1792 312,1792 342,1792 372,1792 402,1794 432,1794 462,1794 492,1796 522,1796 552,1796 582,1796 612,1796 642,1798 672,1800 702,1800 732,1802 762,1802 792,1800 822,1802 852,1802 882,1802 912,1802 942,1802 952,1802 976,1800 1006,1802 1036,1800"/>
                <TextEquiv>
                    <Unicode>6. a) Mazurka</Unicode>
                </TextEquiv>
            </TextLine>
            <TextLine id="tr_1_tl_9" custom="readingOrder {index:8;}">
                <Coords points="1120,1810 1622,1808 1622,1751 1473,1737 1443,1758 1392,1734 1356,1756 1318,1732 1247,1768 1225,1754 1120,1766"/>
                <Baseline points="1130,1804 1144,1804 1174,1802 1204,1802 1234,1802 1264,1800 1294,1800 1324,1800 1354,1798 1384,1800 1414,1798 1444,1800 1474,1798 1504,1800 1534,1798 1564,1800 1594,1798 1624,1798"/>
                <TextEquiv>
                    <Unicode>PETER BENOIT.</Unicode>
                </TextEquiv>
            </TextLine>
            <TextLine id="tr_1_tl_10" custom="readingOrder {index:9;}">
                <Coords points="213,1851 254,1880 296,1861 330,1874 384,1859 397,1870 480,1863 509,1880 524,1865 562,1878 600,1859 600,1832 585,1836 507,1802 494,1810 480,1800 448,1821 304,1802 258,1811 211,1796"/>
                <Baseline points="224,1848 254,1846 284,1846 314,1848 344,1848 374,1848 404,1850 434,1850 464,1850 494,1852 524,1852 554,1852 584,1852 602,1852"/>
                <TextEquiv>
                    <Unicode>B) Fantazie.</Unicode>
                </TextEquiv>
            </TextLine>
            <TextLine id="tr_1_tl_11" custom="readingOrder {index:10;}">
                <Coords points="613,1868 1604,1885 1627,1810 898,1840 761,1802 613,1827"/>
                <Baseline points="624,1852 654,1854 684,1854 714,1856 744,1856 774,1856 804,1856 834,1856 864,1854 894,1856 924,1856 954,1858 984,1856 1014,1858 1044,1858 1074,1858 1104,1858 1134,1858 1164,1858 1194,1856 1224,1858 1254,1856 1284,1858 1314,1856 1344,1854 1374,1854 1404,1854 1434,1854 1464,1854 1494,1854 1524,1854 1554,1854 1584,1854 1614,1854 1632,1854"/>
                <TextEquiv>
                    <Unicode>EM. WAMBACH.</Unicode>
                </TextEquiv>
            </TextLine>
            <TextLine id="tr_1_tl_12" custom="readingOrder {index:11;}">
                <Coords points="159,2001 285,1944 471,1996 594,1948 1658,1967 1656,1893 1547,1872 1430,1906 1337,1866 1069,1935 885,1893 158,1885"/>
                <Baseline points="170,1944 200,1942 230,1940 260,1938 290,1938 320,1938 350,1940 380,1940 410,1938 440,1940 470,1942 500,1940 530,1942 560,1942 590,1942 620,1942 650,1942 680,1942 710,1944 740,1942 770,1944 800,1942 830,1942 860,1942 890,1940 920,1944 950,1946 980,1948 1010,1948 1040,1950 1070,1950 1100,1950 1130,1948 1160,1950 1190,1950 1220,1950 1250,1948 1280,1948 1310,1946 1340,1946 1370,1946 1400,1944 1430,1944 1460,1944 1490,1944 1520,1944 1550,1944 1580,1944 1610,1944 1640,1946 1660,1946"/>
                <TextEquiv>
                    <Unicode>7. Drie spaansche dansen M. Moszkowski.</Unicode>
                </TextEquiv>
            </TextLine>
            <TextLine id="tr_1_tl_13" custom="readingOrder {index:12;}">
                <Coords points="152,2032 1559,2058 1631,2047 1631,1954 1208,2022 720,2022 532,1969 152,2005"/>
                <Baseline points="162,2030 192,2032 222,2030 252,2030 282,2030 312,2030 342,2030 372,2030 402,2030 432,2030 462,2032 492,2032 522,2032 552,2032 582,2032 612,2032 642,2034 672,2034 702,2036 732,2036 762,2038 792,2038 822,2038 852,2036 882,2038 912,2036 942,2040 972,2040 1002,2040 1032,2038 1062,2038 1092,2038 1122,2038 1152,2040 1182,2038 1212,2038 1242,2038 1272,2038 1302,2034 1332,2034 1362,2034 1392,2034 1422,2036 1452,2034 1482,2034 1512,2034 1542,2036 1572,2036 1602,2036 1632,2036 1636,2038"/>
                <TextEquiv>
                    <Unicode>8. Kaisermarsch.......... RICH. WAGNER.</Unicode>
                </TextEquiv>
            </TextLine>
            <TextLine id="tr_1_tl_14" custom="readingOrder {index:13;}">
                <Coords points="163,2092 188,2089 203,2100 218,2085 232,2083 235,2087 247,2085 251,2089 270,2091 272,2053 232,2053 224,2047 211,2056 207,2053 201,2058 194,2056 182,2066 180,2062 165,2062"/>
                <Baseline points="174,2080 184,2080 214,2080 244,2078 274,2078"/>
                <TextEquiv>
                    <Unicode>—</Unicode>
                </TextEquiv>
            </TextLine>
            <TextLine id="tr_1_tl_15" custom="readingOrder {index:14;}">
                <Coords points="530,2089 1439,2096 1439,2054 1405,2045 530,2060"/>
                <Baseline points="540,2080 570,2080 600,2080 630,2082 660,2082 690,2082 720,2082 750,2080 780,2082 810,2082 840,2082 870,2082 900,2082 930,2082 960,2082 990,2082 1020,2082 1050,2082 1080,2080 1110,2082 1140,2082 1170,2080 1200,2082 1230,2082 1260,2084 1290,2084 1320,2082 1350,2084 1380,2082 1410,2082 1440,2082 1442,2082"/>
                <TextEquiv>
                    <Unicode> Excellencie avec le dernier étrang des moutres</Unicode>
                </TextEquiv>
            </TextLine>
            <TextLine id="tr_1_tl_16" custom="readingOrder {index:15;}">
                <Coords points="199,2134 1671,2140 1660,2091 199,2094"/>
                <Baseline points="210,2120 240,2122 270,2122 300,2122 330,2124 360,2122 390,2122 420,2122 450,2122 480,2122 510,2122 540,2122 570,2124 600,2124 630,2124 660,2124 690,2124 720,2126 750,2126 780,2126 810,2126 840,2126 870,2124 900,2126 930,2126 960,2126 990,2124 1020,2124 1050,2124 1080,2124 1110,2124 1140,2124 1170,2124 1200,2124 1230,2124 1260,2124 1290,2124 1320,2124 1350,2124 1380,2126 1410,2126 1440,2126 1470,2126 1500,2126 1530,2124 1560,2124 1590,2126 1620,2126 1650,2126 1676,2126"/>
                <TextEquiv>
                    <Unicode>Koorafdeeling: Morgen, Maandag, 8 d. te 8 ure’s avonds, Samenoefening.</Unicode>
                </TextEquiv>
            </TextLine>
            <TextLine id="tr_1_tl_17" custom="readingOrder {index:16;}">
                <Coords points="247,2206 1671,2199 1656,2161 247,2153"/>
                <Baseline points="258,2192 288,2194 318,2194 348,2194 378,2194 408,2196 438,2194 468,2194 498,2194 528,2194 558,2194 588,2194 618,2194 648,2194 678,2194 708,2194 738,2194 768,2194 798,2196 828,2196 858,2196 888,2196 918,2196 948,2194 978,2196 1008,2194 1038,2194 1068,2194 1098,2194 1128,2196 1158,2194 1188,2194 1218,2194 1248,2194 1278,2196 1308,2196 1338,2194 1368,2194 1398,2194 1428,2194 1458,2196 1488,2196 1518,2196 1548,2194 1578,2196 1608,2194 1638,2196 1668,2194 1676,2194"/>
                <TextEquiv>
                    <Unicode>Zondag 14 Augustus 1898, ter gelegenheid van Kermis: te 3 1/2 ure</Unicode>
                </TextEquiv>
            </TextLine>
            <TextLine id="tr_1_tl_18" custom="readingOrder {index:17;}">
                <Coords points="171,2242 1661,2248 1650,2193 171,2195"/>
                <Baseline points="182,2230 212,2234 242,2234 272,2234 302,2234 332,2234 362,2234 392,2236 422,2230 452,2234 482,2234 512,2236 542,2236 572,2236 602,2236 632,2236 662,2236 692,2236 722,2236 752,2236 782,2238 812,2236 842,2238 872,2236 902,2236 932,2238 962,2238 992,2236 1022,2236 1052,2236 1082,2236 1112,2236 1142,2236 1172,2236 1202,2236 1232,2236 1262,2236 1292,2236 1322,2238 1352,2236 1382,2238 1412,2236 1442,2236 1472,2236 1502,2236 1532,2236 1562,2236 1592,2236 1622,2236 1652,2236 1666,2238"/>
                <TextEquiv>
                    <Unicode>’s namiddags: Buitengewoon Concert door de Koninklijke Maatschappi</Unicode>
                </TextEquiv>
            </TextLine>
            <TextLine id="tr_1_tl_19" custom="readingOrder {index:18;}">
                <Coords points="163,2288 1677,2288 1677,2248 1616,2242 163,2242"/>
                <Baseline points="174,2274 204,2276 234,2276 264,2276 294,2276 324,2276 354,2276 384,2276 414,2276 444,2276 474,2276 504,2276 534,2278 564,2278 594,2278 624,2278 654,2278 684,2278 714,2278 744,2278 774,2278 804,2278 834,2278 864,2278 894,2280 924,2278 954,2278 984,2280 1014,2278 1044,2278 1074,2278 1104,2278 1134,2278 1164,2278 1194,2278 1224,2278 1254,2278 1284,2278 1314,2280 1344,2278 1374,2280 1404,2278 1434,2278 1464,2278 1494,2280 1524,2278 1554,2278 1584,2278 1614,2278 1644,2276 1674,2278 1682,2278"/>
                <TextEquiv>
                    <Unicode>« Les Chasseurs de Binche » (fanfaren); te 8 ure’s avonds : Festival door het</Unicode>
                </TextEquiv>
            </TextLine>
            <TextLine id="tr_1_tl_20" custom="readingOrder {index:19;}">
                <Coords points="161,2326 585,2364 710,2328 1669,2343 1669,2284 1557,2278 161,2297"/>
                <Baseline points="172,2316 202,2316 232,2316 262,2316 292,2318 322,2316 352,2316 382,2318 412,2318 442,2318 472,2318 502,2318 532,2318 562,2318 592,2318 622,2320 652,2320 682,2320 712,2322 742,2322 772,2322 802,2324 832,2324 862,2322 892,2322 922,2322 952,2322 982,2322 1012,2322 1042,2320 1072,2324 1102,2322 1132,2320 1162,2320 1192,2320 1222,2322 1252,2320 1282,2322 1312,2322 1342,2322 1372,2322 1402,2320 1432,2318 1462,2320 1492,2320 1522,2322 1552,2322 1582,2322 1612,2320 1642,2322 1672,2324"/>
                <TextEquiv>
                    <Unicode>symfonisch orkest en de Koorafdeeling der Maatschappij. — Verlichting</Unicode>
                </TextEquiv>
            </TextLine>
            <TextLine id="tr_1_tl_21" custom="readingOrder {index:20;}">
                <Coords points="156,2377 184,2368 215,2375 243,2360 260,2370 277,2364 287,2373 412,2370 412,2343 346,2324 325,2330 317,2322 302,2328 264,2320 243,2335 228,2326 199,2335 188,2324 177,2330 156,2322"/>
                <Baseline points="166,2360 196,2360 226,2360 256,2358 286,2360 316,2360 346,2360 376,2360 406,2362 416,2360"/>
                <TextEquiv>
                    <Unicode>der Tuinen.</Unicode>
                </TextEquiv>
            </TextLine>
            <TextLine id="tr_1_tl_22" custom="readingOrder {index:21;}">
                <Coords points="247,2438 1675,2472 1648,2364 247,2368"/>
                <Baseline points="258,2428 288,2428 318,2430 348,2430 378,2432 408,2432 438,2432 468,2430 498,2430 528,2430 558,2430 588,2430 618,2430 648,2430 678,2430 708,2432 738,2432 768,2432 798,2432 828,2432 858,2432 888,2432 918,2434 948,2434 978,2434 1008,2434 1038,2434 1068,2434 1098,2434 1128,2434 1158,2434 1188,2434 1218,2434 1248,2434 1278,2434 1308,2434 1338,2434 1368,2434 1398,2434 1428,2434 1458,2434 1488,2434 1518,2434 1548,2434 1578,2434 1608,2432 1638,2434 1668,2434 1680,2434"/>
                <TextEquiv>
                    <Unicode>Dinsdag 16 Augustus, te 8 ure’s avonds: Groot militaire Concert en</Unicode>
                </TextEquiv>
            </TextLine>
            <TextLine id="tr_1_tl_23" custom="readingOrder {index:22;}">
                <Coords points="167,2485 718,2482 718,2449 666,2436 513,2446 484,2430 404,2447 167,2432"/>
                <Baseline points="178,2468 208,2470 238,2472 268,2470 298,2472 328,2472 358,2472 388,2472 418,2472 448,2474 478,2472 508,2472 538,2472 568,2472 598,2474 628,2474 658,2472 688,2474 718,2474 722,2474"/>
                <TextEquiv>
                    <Unicode>Verlichting van den Tuin.</Unicode>
                </TextEquiv>
            </TextLine>
            <TextLine id="tr_1_tl_24" custom="readingOrder {index:23;}">
                <Coords points="243,2544 1677,2561 1677,2482 1578,2457 243,2484"/>
                <Baseline points="254,2542 284,2542 314,2542 344,2544 374,2544 404,2544 434,2544 464,2544 494,2544 524,2542 554,2542 584,2542 614,2542 644,2542 674,2542 704,2542 734,2542 764,2544 794,2544 824,2544 854,2544 884,2544 914,2544 944,2546 974,2546 1004,2548 1034,2546 1064,2546 1094,2546 1124,2546 1154,2546 1184,2546 1214,2544 1244,2544 1274,2544 1304,2544 1334,2544 1364,2544 1394,2544 1424,2542 1454,2544 1484,2544 1514,2546 1544,2546 1574,2544 1604,2546 1634,2546 1664,2546 1682,2548"/>
                <TextEquiv>
                    <Unicode>Donderdag 18 Augustus, te 8 ure’s avonds : Tweede uitvoering van</Unicode>
                </TextEquiv>
            </TextLine>
            <TextLine id="tr_1_tl_25" custom="readingOrder {index:24;}">
                <Coords points="158,2592 835,2594 835,2558 809,2548 158,2550"/>
                <Baseline points="168,2584 198,2584 228,2584 258,2584 288,2584 318,2584 348,2586 378,2586 408,2586 438,2586 468,2586 498,2584 528,2584 558,2584 588,2584 618,2584 648,2584 678,2584 708,2586 738,2586 768,2584 798,2584 828,2586 840,2588"/>
                <TextEquiv>
                    <Unicode>het Festival (Orkest en Kooren).</Unicode>
                </TextEquiv>
            </TextLine>
            <TextLine id="tr_1_tl_26" custom="readingOrder {index:25;}">
                <Coords points="156,2668 1589,2673 1673,2668 1673,2597 156,2607"/>
                <Baseline points="166,2656 196,2656 226,2654 256,2652 286,2652 316,2654 346,2654 376,2654 406,2654 436,2654 466,2656 496,2656 526,2654 556,2654 586,2654 616,2654 646,2654 676,2654 706,2652 736,2652 766,2654 796,2654 826,2654 856,2658 886,2656 916,2656 946,2656 976,2656 1006,2656 1036,2658 1066,2656 1096,2656 1126,2658 1156,2656 1186,2656 1216,2656 1246,2654 1276,2656 1306,2654 1336,2654 1366,2654 1396,2654 1426,2656 1456,2656 1486,2656 1516,2656 1546,2656 1576,2656 1606,2656 1636,2656 1666,2656 1676,2656"/>
                <TextEquiv>
                    <Unicode>L. W. Niet ingenomen stoelen of plaatsen mogen onder geen voorwendsel</Unicode>
                </TextEquiv>
            </TextLine>
            <TextLine id="tr_1_tl_27" custom="readingOrder {index:26;}">
                <Coords points="243,2700 718,2740 1667,2708 1667,2666 1513,2656 243,2668"/>
                <Baseline points="254,2692 284,2694 314,2696 344,2696 374,2696 404,2696 434,2698 464,2698 494,2698 524,2698 554,2696 584,2696 614,2696 644,2696 674,2696 704,2696 734,2696 764,2698 794,2698 824,2698 854,2698 884,2698 914,2698 944,2698 974,2700 1004,2700 1034,2700 1064,2700 1094,2700 1124,2700 1154,2700 1184,2698 1214,2698 1244,2698 1274,2696 1304,2698 1334,2698 1364,2700 1394,2700 1424,2698 1454,2700 1484,2702 1514,2702 1544,2702 1574,2700 1604,2700 1634,2698 1664,2698 1672,2696"/>
                <TextEquiv>
                    <Unicode>voorbehouden worden; ook moeten de meubelen der voorpleinen ter</Unicode>
                </TextEquiv>
            </TextLine>
            <TextLine id="tr_1_tl_28" custom="readingOrder {index:27;}">
                <Coords points="247,2776 268,2772 298,2785 315,2774 374,2787 408,2772 431,2785 478,2772 558,2785 558,2710 520,2715 420,2702 399,2715 351,2704 308,2710 298,2700 247,2710"/>
                <Baseline points="258,2738 288,2738 318,2740 348,2740 378,2740 408,2740 438,2740 468,2738 498,2738 528,2740 558,2740 562,2742"/>
                <TextEquiv>
                    <Unicode>plaatse blijven.</Unicode>
                </TextEquiv>
            </TextLine>
            <TextLine id="tr_1_tl_29" custom="readingOrder {index:28;}">
                <Coords points="562,2804 630,2820 695,2799 792,2835 877,2831 925,2803 963,2823 1261,2814 1276,2732 1194,2715 1149,2740 1061,2742 949,2719 775,2749 562,2746"/>
                <Baseline points="572,2796 602,2796 632,2798 662,2796 692,2796 722,2796 752,2796 782,2796 812,2796 842,2798 872,2798 902,2796 932,2798 962,2798 992,2798 1022,2798 1052,2798 1082,2800 1112,2800 1142,2798 1172,2796 1202,2796 1232,2796 1262,2796 1280,2798"/>
                <TextEquiv>
                    <Unicode>Drukk. Cl. THIBAUT, Gratlekapelstraat, 7, Antwerpen.</Unicode>
                </TextEquiv>
            </TextLine>
        </TextRegion>
    </Page>
</PcGts>
