1980 3030
326 169 1710 291 Koninklijke Staatschappij von Dierkunde
811 257 1239 352 IN ANTWERPEN
1011 320 1194 396 T
851 335 1062 421 Tieds-
501 390 1512 514 DONDERDAG 11 00GST 1898
826 484 1178 565 te 8 ure's avonds
436 541 1133 722 YMFONISCH
1186 552 1660 723 CONCERT
598 718 1403 796 door het Orkest der Maatschappij
426 784 1592 872 onder de leiding van M. EDWARD KEURYELS
716 851 1317 931 r.
809 910 1216 986 PROGRAMMA
704 977 1308 1041 —   —    =================
847 1020 1169 1123 EERSTE DEEL
246 1118 1721 1197 I. Iwan Soussanine (openingstuk).... M. IW. GLIN etc.
253 1196 741 1302 2. Wals
807 1199 1719 1308 FRED. CHOPIN.
242 1295 1757 1382 3. Sakuntala (openingstuk van het lyrisch drama) CARL GOLDMARK.
247 1371 811 1466 4. IIe Rapsodie..
859 1378 1614 1491 FR. LISZT.
836 1464 1184 1580 TWEEDE DEEL
244 1552 1769 1664 5. Bruiloftsmarsch. F. MENDELSSOHN.
244 1668 1772 1759 6. Oberon ( openingstuk). C.M. VON WeBER.
242 1742 735 1839 7. A) Träumerei
1279 1746 1757 1830 ROB. SCHUMANN.
305 1807 1715 1887 B) Gretchen am Spinnerade.... FR. SCHUBERT.
249 1877 744 1967 8. Festmarsch
1361 1890 1731 1991 RICH. WAGNER.
364 1946 1357 2012 (getoondicht voor de honderdste verjaring van de Onafhan-
386 1997 1321 2045 kelijkheid der Vereenigde Staten van Noord-Amerika).
253 2027 626 2083 Tolda.
712 2029 857 2085 Von
885 2041 1116 2100 nurm.
1142 2037 1228 2085 DATES DES ACTES
1283 2037 1681 2090 DATES DES ACTES
291 2071 1767 2130 Koorafdeeling: Vrijdag en Zaturdag, 12 en 13 dezer, te 8 ure ’s avonds,
249 2115 899 2176 Atgemeene repetitie (met orkest).
331 2199 1769 2245 Zondag 14 Augustus 1898, ter gelegenheid van Kermis : te 3 1/2 ure
257 2235 1770 2294 ’s namiddags: Buitengewoon Concert door de Koninklijke Maatschappij
255 2281 1772 2338 « Les Chasseurs de Binche » (fanfaren) ; te 8 ure’s avonds : Festival door het
253 2324 1769 2395 symfonisch orkest en de Koorafdeeling der Maatschappij. — Verlichting
253 2355 503 2410 der Tuinen.
337 2429 1770 2509 Dinsdag 16 Augustus, te 8 ure ’s avonds: Groot militaire Concert en
257 2456 813 2524 Verlichting van den Tuin.
337 2545 1774 2621 Donderdag 18 Augustus, te 8 ure ’s avonds: Tweede uitvoering van
253 2578 929 2635 het Festival (Orkest en Kooren).
251 2633 1774 2713 L. W. Niet ingenomen stoelen of plaatsen mogen onder geen voorwendsel
343 2703 1772 2776 voorbehouden worden ; ook moeten de meubelen der voorpleinen ter
339 2738 653 2787 plaatse blijven.
653 2768 1367 2890 Drukk. Cl. THIBAUT, Gratiekapelstraat, 7, Antwerpen.
