1953 3007
303 87 1669 216 Koninklijke Maatschappij van Dierkunde
775 193 1204 275 IN ANTWERPEN
762 258 1152 325 A
467 303 1500 403 DONDERDAG 18 00GST 1898
807 388 1152 467 te 8 ure ’s avonds
1223 481 1677 613 GONCOPT
375 470 1190 641 Witengewoon
654 606 1323 677 door het Symfonisch Orkest
457 662 1520 742 en de KOORAFDEELING der Maatschappij
559 730 1418 799 onder de leiding van M. EDW. REURVLS.
773 814 1203 894 PROGRAMMA
823 905 1145 1007 EERSTE DEEL
1329 954 1691 1054 G. MEYERBER.
230 981 788 1071 I. Schiller-marsch
229 1059 1264 1119 2. A) Aux petits Enfants (Aan de kleine Kindjes)
1344 1050 1678 1151 CÉSAR FRANCK
283 1110 1314 1165 B) La Vierge à la Crèche (De Maagd bij de Kribbe)
400 1162 1058 1221 (Kooren voor vrouwenstemmen).
333 1199 881 1283 Gedicht door Alphonse Daudet.
1348 1236 1626 1335 J. MASSENET.
229 1260 1091 1333 3. Napolitaansche tafereelen.
329 1312 1394 1377 a) De Dans. b) De Processie en de Improvisator. c) Het Feest.
230 1375 868 1457 4. A) Adagio en Wals.
401 1424 1316 1502 (uit het ballet « HET TEEST DER BlOEMEN »)
461 1470 1007 1552 Solist: M. Edmond De Herdt.
1375 1454 1736 1550 THEO CHARLiER.
281 1520 1195 1599 B) Hymnus voor Congoland
401 1576 1318 1671 voor gemengd koor, kinderstemmen en orkest.
816 1664 1156 1755 TWEEDE DEEL.
1039 1740 1736 1836 P.TSCHAïK0WSY.
230 1740 822 1842 5. Plechtigemarsch
1342 1805 1621 1911 JAN omckx.
230 1816 900 1894 6. De Klokke Roelant
405 1875 1322 1950 Cantate voor gemengd koor, kinderstemmen
441 1929 651 2000 en orkest.
333 1959 922 2056 Gedicht van Albrecht Rodenbach.
1164 1998 1634 2104 CH. GOUNOD.
229 2032 928 2115 7. De Walpurgisnacht.
401 2093 1071 2164 (ballet uit het zangspel Faust).
1232 2115 1652 2217 H. VAELPUT.
234 2141 980 2229 8. De Zegen der Wapens
398 2197 1169 2271 Cantate voor gemengd koor en orkest.
437 2251 937 2316 Gedicht van Eug. Van Oye.
1439 2264 1727 2342 DATES DES ACTES
725 2296 1422 2348 DATES DES ACTES
243 2283 467 2372 —
277 2331 1727 2394 Zondag, 21 Augustus: te 3 1/2 ure’s namiddags, Concert door de Mu¬
234 2368 1632 2437 ziekkapel van het 5° Linieregiment onder de leiding van M. Ed. Beyls.
281 2413 1730 2481 Uit oorzake van den Publieken Toegang tot den Tuin, ### alsook om
238 2472 1730 2539 den Grooten Lichtstoet ingericht door de Stad, wordt het Avondeoneert
243 2530 457 2595 uitgesteld.
236 2606 1730 2684 In geval van ongunstig weder, geschieden de Symfonische Concerten in de
322 2651 545 2708 Feestzaal..
236 2673 1730 2768 L. W. Niet ingenomen stoelen of plaatsen mogen onder geen voorwendsel
322 2758 1725 2814 voorbehouden worden ; ook moeten de meubelen der voorpleinen ter
320 2801 626 2892 plaatse blijven.
664 2835 1309 2929 Drukk. Cl. Thibaut, Gratiekapelstr. 7.
