1999 3103
301 242 1674 360 Koninklijke Maatschappij van Dierkunde
776 354 1203 432 IN ANTVERPEN.
915 413 1170 489 ouest
954 451 1043 525 1675
348 508 1596 625 DONDERDAG 22 SEPTEMBER 1898
801 597 1144 682 te 8 ure's avonds
339 699 1087 875 SYMFONISCH
1104 699 1627 877 CONCERT
583 879 1386 962 door het Orkest der Maatschappij
409 951 1574 1055 onder de leiding van M. EDWARD KEURYELS
644 1045 1348 1125 —  —   — — —  —
767 1117 1212 1191 PROGRAMMA
633 1159 1346 1252 —  —   — —  —
913 1246 971 1301 sst
822 1252 1157 1358 EERSTE DEEL.
227 1369 1670 1454 I. Marciadi Nozze ETT. PINELLI.
225 1453 1577 1568 2. Nabuchodonosor (openingstuk). G. Verbi.
1316 1553 1604 1655 G. RossINI.
227 1523 1292 1644 3. La Danza (tarentelle)
1329 1636 1668 1735 ANT. BAzzINI.
233 1634 1263 1740 4. Saül (openingstuk voor Alfred's treurspel)
371 1701 1274 1752 De toondichter heeft de tegenstelling willen afschilde
333 1750 1274 1790 ren tusschen de karakters van Saül en David ; het eerste
337 1780 1273 1841 vol hoogmoed, toorn en dwingelandij, het andere zoet-
335 1814 716 1858 aardig en edelmoedig.
365 1826 1282 1899 Het slot van het werk stelt voor de dood van Saül en
335 1877 926 1962 inval der zegepralende Filistijnen.
822 1964 1167 2066 TWEEDE DEEL.
233 2104 1752 2199 5. Le Carnaval romain (opingstuk)... HECTOR BERLIOZ.
239 2193 1704 2299 6. Boheemsche dans.. ... -.. „ Georges Bizet.
233 2284 1746 2377 7. Henry VIII — Ballet.... CAM. SAINT-SAENS.
335 2356 1309 2433 a) Inleiding. Intocht der Stammen; b) Schotsche idylle.
341 2409 1083 2492 c) Dans der Zigeunerin; d) Glot.
241 2469 1727 2577 8. Espana (rhapsodie) EMM. CHABRIER.
600 2570 1754 2666 — Ledeganckscantate : Samenoefeningen : Vrijdag 23.—
280 2566 602 2663 Koorafdeeling.
237 2642 1163 2699 en Zaturdag 24 dezer, te 8 1/2 ure ’s avonds.
278 2697 1670 2750 Uitvoeringen: Zondag 25 en Donderdag 29 dezer, te 8 ure ’s avonds.
244 2772 1757 2844 L. W. Niet ingenomen stoelen of plaatsen mogen onder geen voorwendsel
326 2841 1756 2922 voorbehouden worden; ook moeten de meubelen der voorpleinen ter
326 2880 650 2954 plaatse blijven.
739 2933 1257 3026 Drukk. CL. THIBAUT, Gratiekapelstr. 7.
