1834 3026
248 182 1621 305 Koninklijke Maatschappij van Dierkunde
706 295 1174 396 VAN ANTWERPEN.
873 367 1121 460 P.
487 458 1409 581 ZONDAG 2 JANUARI 1898
722 566 1146 670 te 3 1/2 ure namiddag
1146 775 1293 886 D
901 765 1066 877 C
1301 811 1418 882 2
1454 784 1521 884 D.
242 811 339 890 S
629 892 1256 994 door het Symfonisch Orkest
305 987 1562 1104 onder de leiding van den Heer Edward KEURYELS
614 1072 1305 1155 —    =================
714 1123 1157 1214 PROGRAMMA
583 1191 1295 1271 vernommen.
782 1240 1102 1360 EERSTE DEEL
182 1318 1629 1453 I. Le Domino Noir (openingstuk) D. FR. AUBER.
176 1449 1680 1517 2. Spaansche dansen....... M. Moszkowski.
176 1506 1534 1629 3. Traviata (bloemlezing uit het zangspel)... G. VerDI.
176 1632 1695 1712 4. Bruiloftsmarsch.......... F. MENDELSSOHN.
767 1716 1112 1816 TWEEDE DEEL,
178 1795 1697 1915 5. Martha (openingstuk). Fr. VON FLOTow.
180 1892 1555 1975 6. A) Stabat Mater (Cujus animam). G. RossINI.
229 1971 1570 2077 B) Pizzicato uit het ballet kelvia... L. IELIBES.
1174 2045 1596 2151 CH. GOUNOD.
176 2060 1083 2153 7. De Walpurgisnacht
354 2130 1042 2237 (ballet uit het zangspel Faust).
180 2210 1640 2327 8. Rubensmarsch. PETER BENOIT.
271 2367 1521 2452 Woensdag, 5 Januari te 8 ure ’s avonds, Symfonisch Concert.
441 2428 1193 2496 (Ve Symfonie van L. Van Beethoven).
258 2505 1695 2577 Gemengd koor: Repetitie: Maandag, 3 Januari, te 7 1/2 ure voor
178 2558 1691 2629 de Dames, te 8 1/2 ure voor de Heeren. Ter studie: Lelio van Hector Berlioz.
352 2625 1411 2680 Inschrijvingen worden aangenomen op de repetitién.
583 2665 1293 2769 Drukk. Cl. THIBAUT, Gratiekapelstraat, 7, Antwerpen.
