4878 6822
2089 1294 3134 1527 VORWORT.
1312 1580 4111 1867 Das dritte Buch, welches im Jahre 1722 erschien, ent-
1097 1795 4122 2033 hält bei mehreren Stücken Bemerkungen von Couperin, die
1097 1995 4122 2191 an Ort und Stelle mitgetheilt sind. Seite 34 und 83 weist
1109 2146 4145 2357 er hinsichtlich des Vortrages der »pièces croisées« auf sein
1120 2304 4137 2549 Vorwort hin. Die interessante Erklärung desselben theile
1120 2451 2945 2689 ich hier in seiner Orthographie mit:
1558 2617 4130 2821 On trouvera dans ce zme livre des piéces que je nome
1335 2764 4122 2960 Piéces-croisées on se souviendra que dans le Second, page 62
1361 2896 4122 3104 [83). il y à une de cette espéce, qui à pour titre Les bagatélles.
1343 3055 4137 3221 c’est précisément ce que j’apelle Piéce-croisée, ainsi celles qui
1335 3160 4122 3338 porteront ce même titre devront être joüées sur deux Claviers.
1346 3292 4141 3500 dont l’un soit repoussé, ou retiré. Ceux qui n’auront qu’un
1354 3424 4141 3651 Clavecin à un Clavier, ou une êpinéte, joüeront le dessus comme
1335 3579 4141 3771 il est marqué, et la Basse une octave plus bas; et lorsque la
1343 3726 4122 3930 Basse ne poura être portée plus bas, il faudra porter le dessus
1346 3869 4141 4073 une octave plus haut. Ces sortes de piéces, d’ailleurs seront
1358 4020 4126 4220 propres à deux Flutes, ou Haubois, ainsy que pour deux Violons,
1350 4145 4141 4356 deux Violes, et autres instrumens à l'unisson, bien entendu
1346 4284 4137 4541 que ceux qui les exécuteront les métront à la portée des leurs.
1335 4507 4141 4714 Seite 88—89 müssten in dem ganzen Stücke die Sech-
1124 4654 4141 4857 zehntel-Triolen in Achtel verwandelt werden; ich habe aber
1143 4801 4118 5020 Couperin’s Schreibart beibehalten und den wirklichen Noten-
1143 4952 4141 5163 werth S. 88 in einer Anmerkung angegeben. Dagegen sind
1131 5106 4130 5340 S. 22—23 die schnellen Figuren, welche nur durch Stecher-
1131 5276 4148 5521 konfusion einen verschiedenen Werth erhalten haben, als
1154 5453 2402 5661 Vierundsechzigstel notirt.
1354 5581 4152 5808 Diesem dritten Buche hat Couperin noch 37 Seiten sehr
1143 5770 4145 5989 werthvoller Musik angefügt, die er »Concerts Royaux« nennt,
