5116 6774
1096 470 4116 717 für verschiedene Instrumente (Violine, Flöte, Oboe, Viola
1096 668 4124 880 oder vielmehr Violoncell, Basson und Klavier) bestimmte
1100 823 4116 1039 und selber am kön. Hofe mit vier andern Künstlern als
1119 998 4116 1199 Quintette zur Aufführung brachte. Diese vier Concerte sind
1085 1168 4105 1381 aber in dem vorliegenden Druck nicht in allen Stimmen voll-
1085 1313 4128 1525 ständig mitgetheilt, können daher nur auf Grundlage der
1085 1480 4124 1669 ebenfalls, gedruckten, mir aber bisher unbekannt gebliebenen
1085 1646 3206 1885 einzelnen Stimmen herausgegeben werden.
1294 1859 4120 2071 Das vierte Buch erschien 1730, wo der i. J. 1733 ver¬
1085 2011 3642 2219 storbene Autor körperlich schon sehr leidend war.
1282 2181 4112 2375 Der zweite Punkt S. 141 und öfter ist Zusatz; Couperin
1089 2326 4112 2542 setzt, wie im Vorwort zum ersten Bande erwähnt wurde,
1074 2519 2314 2652 immer nur einen Punkt.
1282 2629 4105 2853 Abweichend von den meisten damaligen Klavierkompo-
1074 2781 4112 3005 nisten, fügt er seine Stücke nicht als »Suiten«, sondern als
1081 2940 4101 3194 »Ordres« zu grösseren Gruppen zusammen. Die vier Bücher
1074 3115 4074 3354 enthalten zusammen 27 solcher Ordres in fortlaufender Zäh¬
1077 3293 4116 3498 lung. Diese Kompositionen haben auf die damalige Zeit
1085 3445 4105 3665 ebenso bedeutend gewirkt, wie die von Corelli, namentlich
1077 3608 3843 3828 auch auf die jüngeren Zeitgenossen Händel und Bach.
1286 3767 4074 3964 Erhöht wurde diese Wirkung noch durch eine Klavier-
1058 3908 4101 4109 schule, welche Couperin als »L’art de toucher le Clavecine
1085 4059 4105 4268 1717 veröffentlichte. Dieselbe, das erste gedruckte Werk
1074 4215 4086 4458 dieser Art und von bleibender Bedeutung, wird, wenn mög-
1074 4405 4116 4609 lich mit den »Concerts Royaux« vereinigt, den dritten Band
1066 4545 2219 4735 dieser Ausgabe bilden.
1199 4833 2432 5072 Bergedorf bei Hamburg,
2845 4871 3961 5209 FR. CHRYSANDER.
1449 5000 2185 5232 1. Mai 1888.
