1890 3019
164 403 205 463 5°
226 403 268 463 a)
289 404 641 464 VERTELSEL
682 406 730 466 IN
786 407 951 467 TWEE
993 409 1269 469 STROFEN

216 509 255 569 b)
275 509 608 569 MENUETTO
745 511 837 571 voor
857 511 988 571 Viool.
1190 512 1236 572 J.
1256 513 1308 573 B.
1334 513 1511 573 COLYNS

317 618 363 678 Hr
382 618 495 678 PETer
518 618 682 678 SaENeN.
696 618 709 678 —
757 619 920 679 Leeraar
939 619 953 679 :
967 619 1019 679 Hr
1037 619 1202 679 COLYXS.

172 725 209 785 6°
227 725 271 785 a)
290 724 831 784 VOORJAARSAVOND
956 722 974 782 .
1062 722 1086 782 .
1192 721 1398 781 EDWARD
1428 720 1578 780 BLAES

396 820 590 880 (Dichter:
610 820 668 880 JAN
702 819 940 879 BOUCHERIJ).

209 954 629 1014 b)HETROOSJE
661 954 765 1014 UIT
791 954 1127 1014 DERHEIDE
1178 954 1340 1014 KAREL
1372 954 1617 1014 MESTDAGH

391 1047 559 1107 (Dichter
578 1047 593 1107 :
613 1047 766 1107 EUGEEN
795 1048 874 1108 VAN
904 1048 1018 1108 OYE).

314 1140 342 1200 Jw
379 1140 525 1200 JOANNA
558 1140 708 1200 VANDEN
732 1140 882 1200 BERGII.

173 1286 207 1346 70
226 1286 273 1346 a)
292 1282 735 1342 LICHTGAANDE

216 1382 257 1442 b)
271 1381 743 1441 KLOKKENSPEI

806 1312 884 1372 voor
905 1312 1165 1372 Clavecymbel
1196 1312 1259 1372 M.
1274 1311 1353 1371 VAN
1389 1311 1467 1371 DEN
1499 1311 1649 1371 GHEYN

1075 1360 1135 1420 geb.
1149 1360 1170 1420 te
1191 1360 1303 1420 Thienen
1324 1360 1376 1420 1721
1394 1359 1404 1419 7
1425 1359 1443 1419 te
1460 1359 1558 1419 Leuven
1576 1359 1632 1419 1785

285 1486 467 1546 LUIM,
501 1486 587 1546 voor
610 1486 815 1546 Pianoforte
843 1486 980 1546 ..
1191 1486 1339 1546 PETER
1373 1486 1544 1546 BENOIT

322 1586 349 1646 Jw
381 1586 642 1646 JULIaHan.
656 1586 669 1646 —
710 1585 899 1645 Leeraar:
917 1585 930 1645 J
989 1585 1152 1645 LAENEN.

177 1717 208 1777 8°
227 1717 277 1777 a)
290 1717 391 1777 EEN
448 1717 788 1777 LIEDJEVAN
832 1716 1066 1776 GOÉTHE
1179 1715 1318 1775 JozeF
1343 1715 1639 1775 HUYBRecht

384 1811 557 1871 (Dichter
573 1812 589 1872 :
605 1813 662 1873 II.
684 1815 895 1875 TOLLENS).

204 1918 969 1978 b)VISSCHERSLIEDEKEN.
1187 1917 1264 1977 JAN
1302 1917 1482 1977 BLOCKX

391 2014 557 2074 (Dichter
575 2016 590 2076 :
617 2018 931 2078 DAUTZENBERG).

317 2104 372 2164 Hr
387 2104 432 2164 S.
452 2104 601 2164 VANDER
627 2104 812 2164 HIeYDEN.

147 2243 188 2303 9°
262 2242 560 2302 FANTAZIJ
601 2240 669 2300 OP
716 2238 1082 2298 VLAAMSCHE
1136 2235 1645 2295 VOLKSLIEDEREN

1163 2346 1299 2406 JoZEF
1340 2343 1570 2403 BOSIERS.

332 2433 428 2493 voor
453 2433 699 2493 Pianoforte,
719 2432 1005 2492 Strijkkwintet
1025 2431 1060 2491 en
1091 2431 1212 2491 Harp.

319 2523 365 2583 Hr
383 2523 485 2583 JoZer
513 2523 717 2583 WATELrr.
730 2523 740 2583 —
786 2522 971 2582 Leeraar:
990 2522 1040 2582 IIr
1059 2522 1202 2582 BOSIErs
