1943 2926
547 584 1361 601 PROGRAMMA (*)
204 1014 1580 1035 1째 a) STUDIE ..... JOZEF MEERTS
261 1083 1021 1098 b) VOORDRACHTSSTUDIE.
277 1153 1666 1172 door de leerlingen der "Middelbare klas,, van samenspel voor Violen.
349 1216 838 1241 Leraar : Hr JAN BACOT.
199 1378 855 1395 2째 a) TAMELIJK BREED
1036 1403 1668 1418 MATHIAS VAN DEN GHEYN
1104 1447 1675 1469 geb. te Thienen 1721 + te Leuven 1783
244 1456 492 1471 b) SNEL
296 1523 1002 1542 uit de IVe Suite voor Clavecymbel.
253 1621 646 1638 a) VREUGDE
781 1659 1095 1684 voor Pianoforte
1188 1665 1586 1684 EDGARD TINEL
250 1695 745 1710 b) BOERENDANS
338 1773 1350 1790 Jw BERTHA VAN DE VYVER -- Leeraar : Jw LAENEN.
199 1916 1578 1941 3째 ARTEVELDE'S GEEST. . PETER BENOIT
296 1989 918 2007 uit het zang-gedicht "De Schelde"
429 2051 994 2074 (Dichter : Emmanuel Hiel).
347 2112 1443 2143 Hr GUSTAAF VAN ELSACKER. -- Leeraar Hr FONTAINE.
200 2285 1587 2300 4째 CONCERTSTUK voor Basviool. FRANS BERNIER
346 2348 1396 2366 Hr FLORIMOND GILLEIR -- Leeraar : Hr DE KEUSTER.
