1952 2926
210 515 604 531 5° a) GAANDE
1031 558 1669 571 MATHIAS VAN DEN GHEYN
279 594 523 610 b) SNEL
307 659 1147 675 uit het 1e Divertimento voor Clavecymbel.
273 765 1486 778 a) VLAAMSCHE DANSEN (nr 3) JAN BLOCKX
315 826 634 839 voor pianoforte.
269 907 1570 923 b) LUIM ...... JOZEF GREGOIR
354 974 944 990 Jw MATHILDA VAN DE VYVER.
218 1156 1649 1173 6° a) WEEMOED .... LEO VAN GHELUWE
450 1227 912 1241 (Dichter : D. DORBECK).
279 1322 1493 1339 b) EN WEDER WAS HET D'OUDE DROOM
1185 1397 1634 1415 GUSTAAF HUBERTI
450 1439 1134 1456 (Dichter : J. VAN DROOGENBROECK).
358 1500 933 1517 Hr GUSTAAF VAN ELSACKER.
204 1661 1614 1686 7° CONCERTO .... JOZEF CALLAERTS
303 1725 872 1740 in Es. gr. t. voor pianoforte
524 1793 939 1810 a) NIET TE SNEL
513 1857 800 1870 b) GAANDE
362 1925 1248 1940 Hr ADRIAAN SOMERS. -- Leeraar : Hr BOSIERS.
267 2413 1695 2438 (*) Voorgedragen door de leerlingen der "Schoolafdeling,, overgaande,
267 2454 1552 2488 na volledig afteleggen examen, tot de "Conservatoriumafedeling,,.
398 2559 1686 2584 Voortzetting der Leerlinge-Voordrachten op Zondagen :
260 2618 1692 2643 23 en 30 Juli, e. k., -- ZAAL : Cercle Artistique, Arembergstraat.
257 2685 573 2698 Zelfde uren.
316 2753 1694 2777 Inkomkaarten, kosteloos te bekomen, op het administratief bureel van
266 2793 1689 2824 het Conservatorium, 13, St-Jacobsmarkt, den Woensdag, Donderdag en Vrijdag,
269 2846 951 2862 van 6 tot 8 uren 's avonds.
