1977 2953
231 472 1649 501 5° a) AAN HET BEEKJE .. EMIEL MATHIEU
457 554 1035 569 (Dichter : POL DE VREEZE.)
288 645 1715 670 b) JEUGD EN LIEFDE .. HENDRIK WAELPUT
469 721 1041 738 (Dichter : EMMANUEL HIEL).
378 787 736 808 Jw ROSA TISSEN.
227 937 1722 962 6° CONCERTO voor fluit. KAREL LODEWIJK HANSSENS
505 1007 797 1024 in drie delen
548 1068 968 1092 b) NIET TE LANGZAAM
556 1140 1062 1158 c) LEVENDIG (niet te snel)
387 1210 1336 1228 Hr JOZEF HENDRICKX. -- Leraar : Hr ANTHONI.
236 1362 1615 1392 7° VERTELSELS EN BALLADEN PETER BENOIT
438 1433 835 1454 voor pianoforte.
379 1504 1565 1525 4de Boek : N° 1 BALLADE, N° 3 BALLADE, N° 2 VERTELSEL
388 1578 758 1596 Jw JOZEFA AERTS.
242 1726 1588 1750 8. a) LIED, voor strijkkwintet .. J.B. COLYNS
316 1795 991 1818 door de leerlingen der orkestklas
285 1919 1697 1946 b) VOORDRACHTSOEFENING, KAREL DE BÉRIOT
235 1988 1717 2020 Door de Hren PETER SAENEN, JAN BROECKX, ALBRECHT VAN DE VYVER,
356 2053 1717 2080 OMER GALLAERDT en Jw MAGDALENA JEAN, met begeleiding door
359 2118 1394 2148 de leerlingen der orkestklas. -- Leeraar : Hr COLYNS.
186 2430 1642 2457 (*) Voorgedragen door de leerlingen der "Schoolafdeling,, overgaande,
180 2483 1492 2509 na volledig afteleggen examen, tot de "Conservatoriumafedeling,,.
275 2577 1637 2612 Voortzetting der Leerlinge-Voordrachten,
188 2642 1633 2666 op Zondag 30 Juli, e. k., -- ZAAL : Cercle Artistique, Aremberg-
187 2715 642 2730 straat. Zelfde uren.
241 2763 1645 2800 Inkomkaarten, kosteloos te bekomen, op het administratief bureel van
179 2812 1641 2841 het Conservatorium, 13, St-Jacobsmarkt, den Woensdag, Donderdag en Vrijdag,
183 2867 881 2889 van 6 tot 8 uren 's avonds.
