1954 2945
755 348 832 408 DE
906 351 1172 411 RHIIN.

938 446 991 506 1.

344 536 420 596 Het
439 536 548 596 eerste
571 536 652 596 deel
671 538 729 598 van
755 540 793 600 de
814 539 825 599 u
846 540 976 600 Rhijnn
997 540 1110 600 speelt
1129 542 1155 602 in
1183 542 1408 602 Antwerpen.

344 580 352 640 „
376 582 650 642 Scheldezoonn
678 584 715 644 en
738 584 748 644 u
773 586 1034 646 Vorendochter
1052 586 1062 646 n
1087 588 1143 648 een
1167 590 1303 650 jeuyydig
1334 592 1432 652 paar,
1451 592 1551 652 varen
1588 593 1625 653 op
1660 592 1693 652 de

225 628 377 688 Schelde
400 630 437 690 en
469 630 629 690 genielen
657 632 694 692 de
727 633 894 693 heerlijke
929 634 1047 694 poerie
1084 636 1145 696 van
1172 636 1231 696 den
1261 636 1437 696 schoonen
1465 640 1690 700 Vlaamschen

230 675 375 735 stroom,
405 678 456 738 tot
480 678 538 738 dat
564 678 708 738 weldra,
724 680 736 740 u
758 680 994 740 Scheldezoon
1019 681 1029 741 n
1051 682 1107 742 een
1144 684 1346 744 onbestemd
1384 686 1569 746 verlangen
1604 686 1697 746 voelt

220 722 302 782 naar
328 724 552 784 grootscher,
584 725 705 785 wilder
737 726 879 786 natuur.
911 728 919 788 —
972 728 1025 788 De
1055 730 1178 790 Rhijn.
1231 732 1315 792 daar
1347 732 1377 792 is
1413 733 1472 793 het
1506 734 1604 794 land,
1640 733 1699 793 het

223 770 452 830 tooverland,
471 772 529 832 dat
548 772 608 832 zijn
633 773 643 833 u
666 774 813 834 gemoed
834 774 893 834 zoo
914 776 1026 836 trillen
1053 776 1132 836 doet
1148 775 1156 835 n

932 839 999 899 H.

342 900 376 960 In
401 901 460 961 het
481 902 616 962 tweede
640 903 718 963 deel
735 904 796 964 zijn
826 904 882 964 wij
902 906 1035 966 geluige
1066 908 1125 968 van
1152 908 1230 968 eene
1254 910 1320 970 reis
1340 910 1398 970 per
1428 910 1631 970 stoomboot
1653 911 1682 971 op

220 946 280 1006 den
308 948 427 1008 Rhijn.
447 950 491 1010 Er
513 950 696 1010 ontvouwt
716 950 785 1010 zich
811 950 891 1010 voor
913 952 994 1012 onze
1016 953 1125 1013 oogen
1151 954 1207 1014 een
1233 958 1408 1018 murikaal
1426 958 1613 1018 panorama
1639 959 1688 1019 der

223 994 320 1054 beide
345 996 596 1056 Rhijnoevers.
618 996 772 1056 Behalve
803 996 841 1056 de
873 998 960 1058 twee
985 1001 1320 1061 Scheldekinderen,
1348 1004 1517 1064 bevinden
1546 1004 1620 1064 zich
1654 1007 1686 1067 op

224 1040 260 1100 de
304 1041 512 1101 stoomboot
543 1044 712 1104 reizigers
745 1044 805 1104 van
842 1046 1094 1106 verschillende
1130 1050 1363 1110 nationaliteit
1393 1050 1429 1110 en
1467 1052 1615 1112 beroep.
1659 1052 1688 1112 In

220 1089 341 1149 eenige
385 1090 532 1150 trekken
562 1090 697 1150 schetst
728 1091 766 1151 de
806 1093 1028 1153 toondichter
1062 1094 1124 1154 ons
1161 1096 1201 1156 de
1237 1098 1404 1158 vroolijke
1445 1096 1679 1156 universiteits

224 1136 412 1196 studenten
437 1136 473 1196 en
497 1138 595 1198 toont
621 1138 656 1198 ze
680 1138 739 1198 ons
763 1139 947 1199 drinkend,
966 1140 1000 1200 en
1031 1142 1096 1202 hun
1122 1144 1345 1204 Gaudeumus
1373 1146 1509 1206 Egitur,
1521 1146 1608 1206 Laat
1635 1146 1690 1206 ons

231 1182 378 1242 vroolijk
402 1184 460 1244 zijn
494 1185 684 1245 ringende.
702 1186 747 1246 Er
767 1186 793 1246 is
810 1186 881 1246 hier
898 1188 1082 1248 handeling
1108 1188 1142 1248 en
1164 1190 1382 1250 schildering,

344 1230 536 1290 Naarmate
564 1232 640 1292 men
674 1232 756 1292 eene
791 1232 877 1292 oude
899 1234 1120 1294 burchtruine
1151 1236 1179 1296 in
1218 1236 1236 1296 't
1255 1236 1390 1296 gezicht
1414 1240 1529 1300 krijgt,
1553 1238 1588 1298 of
1610 1238 1688 1298 eene

222 1276 339 1336 plaats
359 1278 392 1338 of
422 1278 513 1338 stad,
533 1278 582 1338 die
617 1280 679 1340 aan
704 1278 764 1338 een
799 1278 835 1338 of
863 1280 989 1340 andere
1011 1282 1218 1342 historische
1256 1284 1477 1344 gebeurtenis
1507 1284 1694 1344 herinnert,

227 1322 512 1382 voorbijstoomt,
528 1324 660 1384 hooren
682 1324 737 1384 wij
764 1326 792 1386 in
829 1324 845 1384 't
874 1326 990 1386 orkest
1016 1328 1073 1388 een
1108 1328 1369 1388 karakteristiek
1409 1330 1541 1390 bekend
1580 1332 1688 1392 thema

228 1370 447 1430 opdoemen,
480 1371 663 1431 waardoor
693 1372 756 1432 ons
783 1372 929 1432 beelden
962 1373 1011 1433 uit
1041 1374 1100 1434 het
1131 1374 1293 1434 verleden
1330 1376 1466 1436 worden
1500 1378 1694 1438 getooverd.

225 1416 325 1476 200:
352 1416 512 1476 Worms,
530 1419 701 1479 Loreley,
721 1420 799 1480 enz.

920 1486 1014 1546 HL.

335 1546 410 1606 Het
424 1546 525 1606 derde
545 1548 637 1608 dicht
658 1550 762 1610 vangt
782 1552 840 1612 aan
860 1552 930 1612 met
946 1552 1017 1612 het,
1034 1552 1060 1612 in
1085 1554 1142 1614 een
1165 1554 1433 1614 jammerklacht
1453 1554 1631 1614 vervormd
1653 1556 1684 1616 en

218 1595 424 1655 gefugeerd,
443 1596 677 1656 Rhijnmotief
696 1597 729 1657 op
770 1597 809 1657 de
835 1598 1033 1658 woorden:
1060 1598 1073 1658 a
1096 1600 1187 1660 Door
1208 1600 1266 1660 den
1290 1602 1408 1662 nacht,
1427 1602 1488 1662 den
1517 1602 1688 1662 donkeren

218 1642 337 1702 nacht
356 1642 416 1702 der
438 1642 546 1702 tijden
568 1642 596 1702 n.

337 1688 475 1748 Daarna
505 1688 568 1748 zijn
593 1688 648 1748 wij
671 1690 702 1750 op
734 1690 795 1750 den
820 1692 1066 1752 Drachenfels,
1095 1694 1278 1754 waarheen
1305 1694 1360 1754 wij
1381 1694 1442 1754 ons
1461 1696 1488 1756 in
1515 1696 1574 1756 den
1600 1697 1690 1757 geest

220 1736 443 1796 verplaatsen
468 1735 537 1795 met
554 1736 663 1796 karel
679 1737 736 1797 den
761 1736 890 1796 Groote
915 1737 948 1797 en
972 1738 1058 1798 zijne
1078 1739 1226 1799 ridders.

335 1780 412 1840 Een
442 1782 530 1842 koor
550 1782 609 1842 van
644 1782 914 1842 engelstemmen
939 1784 1061 1844 vraagt
1079 1786 1138 1846 den
1160 1788 1366 1848 Paladijnen
1398 1788 1482 1848 naar
1502 1788 1565 1848 hun
1598 1789 1675 1849 voor

209 1828 352 1888 nemen,
386 1828 424 1888 en
459 1828 497 1888 de
527 1828 652 1888 reuzen
686 1830 932 1890 antwoorden,
968 1831 1027 1891 dat
1055 1833 1101 1893 zij
1128 1833 1156 1893 te
1196 1834 1291 1894 Aken
1329 1834 1389 1894 een
1424 1836 1649 1896 keizershal,
1665 1838 1686 1898 te

222 1874 357 1934 Keulen
392 1874 451 1934 een
481 1874 615 1934 tempel
635 1876 714 1936 voor
737 1876 796 1936 den
830 1876 923 1936 Heer
952 1878 1061 1938 willen
1094 1878 1258 1938 bouwen.
1283 1882 1291 1942 -
1331 1882 1402 1942 Aan
1433 1882 1536 1942 dezen
1565 1884 1690 1944 tempel

219 1920 361 1980 worden
387 1920 442 1980 wij
459 1922 642 1982 herinnerd
674 1922 755 1982 door
776 1923 813 1983 de
837 1924 998 1984 woorden
1026 1925 1083 1985 van
1110 1926 1168 1986 een
1191 1927 1404 1987 kinderkoor
1423 1928 1451 1988 in
1472 1928 1508 1988 de
1534 1928 1653 1988 verte:

333 1966 434 2026 „Een
467 1968 600 2028 tempel
618 1968 727 2028 Gods,
755 1970 814 2030 een
839 1971 972 2031 tempel
998 1972 1047 2032 als
1076 1972 1135 2032 een
1172 1974 1362 2034 wondern,
1392 1974 1429 2034 en
1456 1976 1557 2036 later,
1572 1976 1582 2036 u
1605 1978 1688 2038 Daar

224 2013 363 2073 wrocht
385 2014 419 2074 de
442 2016 547 2076 kunst
571 2014 630 2074 zoo
654 2016 783 2076 schoon
811 2016 819 2076 u
840 2016 896 2076 een
924 2016 991 2076 Dom
1029 2017 1037 2077 n

330 2061 672 2121 Niettegenstaande
723 2062 762 2122 de
811 2064 1076 2124 betooverende
1119 2067 1248 2127 kracht
1287 2068 1348 2128 van
1389 2068 1451 2128 den
1494 2070 1680 2130 Duitschen

218 2106 362 2166 stroom,
381 2110 476 2170 komt
505 2108 564 2168 het
590 2110 760 2170 heumwee
784 2110 855 2170 zich
878 2110 937 2170 van
962 2111 972 2171 u
996 2114 1265 2174 Scheldezoonn
1290 2114 1325 2174 en
1365 2114 1379 2174 u
1404 2116 1679 2176 Vorendochtern

214 2154 369 2214 meester
388 2156 529 2216 maken.
562 2158 613 2218 zij
634 2156 819 2216 verlangen
842 2158 935 2218 terug
971 2160 1057 2220 naar
1076 2160 1141 2220 hun
1174 2162 1441 2222 geboorteland.
1469 2162 1515 2222 De
1538 2164 1677 2224 Schelde

215 2202 267 2262 uit
284 2202 348 2262 hun
375 2202 470 2262 geest
490 2203 707 2263 verdrongen
734 2206 817 2266 door
837 2205 920 2265 haar
945 2206 1141 2266 machtigen
1170 2208 1320 2268 nabuur,
1338 2210 1413 2270 lokt
1429 2210 1490 2270 hen
1516 2210 1603 2270 weer
1624 2212 1675 2272 aan

220 2250 262 2310 en
287 2250 340 2310 ten
363 2252 487 2312 laatste
505 2250 636 2310 hooren
661 2251 715 2311 wij
739 2250 797 2310 van
820 2252 856 2312 de
881 2252 1075 2312 vrijwillige
1098 2254 1362 2314 bannelingen:

333 2296 530 2356 „schelde,
555 2299 645 2359 lieve
680 2299 858 2359 Schelde1
887 2300 1017 2360 Toren,
1041 2302 1131 2362 lieve
1165 2302 1297 2362 Toren,
1333 2302 1452 2362 Weest
1481 2304 1622 2364 gegroet
1651 2304 1687 2364 iv

213 2346 289 2406 met
318 2344 430 2404 welke
456 2346 620 2406 woorden
645 2345 705 2405 het
723 2346 810 2406 werk
837 2347 981 2407 eindigt.

337 2410 412 2470 Dit
428 2410 474 2470 het
494 2412 683 2472 Eehstboekje
702 2414 752 2474 van
775 2414 820 2474 het
838 2414 1046 2474 Driedaagsch
1064 2416 1258 2476 Musiekfeest
1269 2414 1290 2474 te
1306 2416 1491 2476 KAMPEN
1529 2418 1668 2478 Holland

216 2458 251 2518 op
276 2460 328 2520 20,
345 2460 377 2520 2x
399 2460 427 2520 en
451 2459 483 2519 22
504 2460 571 2520 Mei
590 2461 689 2521 18971.
