1932 2937
636 279 1275 298 PROGRAMMA
212 621 1685 646 1° a) FUGA ... JOZEF VON BLUMENTHAL
267 713 1446 730 b) RHYTHMISCHE STUDIE  Jozef Meerts
253 786 1526 815 Voorgedragen door de leerlingen der « Lagere Klas » van Viool.
364 873 1063 895 Leeraar : Mr Florent Tillemans.
202 1041 1456 1056 2° a) RHYTHMISCHE STUDIE Jozef Meerts
274 1130 1511 1153 b) STUDIE .... Sebastiaan Lee
250 1212 1589 1230 Voorgedragen door de leerlingen der « Lagere Klas » van Vioolcel.
356 1295 1097 1312 Hulpleeraar : Mr August Verhulst.
202 1466 1678 1486 3° TWEEZANG voor Viool, in twee deelen, KAREL De BÉRIOT (I)
255 1548 917 1565 a) RUSTIG EN INGETOGEN
259 1628 459 1643 b) SNEL
312 1707 1532 1725 PERPETUUM, uit de sonate in C. g.t. voor Pianoforte.
1028 1801 1686 1819 KAREL MARIA VON WEBER
408 1888 1339 1908 (bewerbt voor Viool, door Karel De Bériot (I)
253 1962 1637 1980 Voorgedragen door de leerlingen der « Middelbare Klas », van Viool.
366 2035 887 2052 Leeraar : Mr Jan Bacot.
219 2216 1589 2245 4° a) STUDIE (Nr 14) ..... FIORILLO
284 2302 1492 2320 b) STUDIE (Nr 34) ..... ,,
284 2392 1507 2412 c) STUDIE (Nr 21) ..... RODE.
257 2474 1562 2496 Voorgedragen door de leerlingen der « Hoogere Klas » van Viool.
380 2541 921 2563 Leeraar: Mr J. B. Colyns.
