1912 2957
641 651 1306 654 PROGRAMMA
241 1151 1547 1154 1° CONCERTINO voor Bazuin .. Jan Paque.
405 1242 1414 1248 Hr Eugeen Teblick, — Leeraar : Hr Peter Craen.
252 1463 1715 1466 2° a) HEER JESUS HEEFT EEN HOFKEN. Oud Volkslied (1)
305 1557 1685 1563 b) VOORJAARSAVOND .. EDWARD BLAES.
379 1657 905 1660 (Dichter : Jan Boucherij).
373 1754 1547 1757 Jw Bertha Delsaux. — Leerares : Mw De Give-Ledelier.
252 1957 1653 1972 3° DANSWIJZE voor Pianoforte (F. k.-t.) Peter Benoit.
373 2063 803 2066 Jw Denise Dendal.
308 2160 1709 2169 HET SPINNEWIEL voor Pianoforte.  A.Vander Heyden.
264 2260 1709 2263 Jw Hendrika Van de Loo. — Hulpleerares : Mw Leytens-Van den Bergh.
238 2401 1444 2481 4° TWEEDE DEEL uit het symphonisch gedicht
317 2510 1673 2583 voor Fluit..... Peter Benoit.
373 2607 1579 2678 Hr RENATUS CLASTELYN. — Leeraar : Hr THEOPHIEL ANTHONI.
