1951 2957
214 321 1662 371 5° LEGENDE voor Pianoforte .. JOZEF GRÉGOIR.
323 409 870 486 Jw ZELIA VAN DONGHEN.
285 509 1703 592 IMPROMPTU voor Pianoforte . JOZEF CALLAERTS.
320 618 1712 686 Jw Annetta Brodski. — Hulpleerares : Mw Leytens-Van den Bergh.
205 798 1597 865 6° a) MIT DESEN NIEWEN JARE Oud Volkslied (2).
282 880 1709 965 b)	OCH EWIG ES SO LANC Karel Mestdagh.
323 998 870 1068 (Dichter : Pol de Mont).
317 1089 1717 1168 Jw Albertina De Baerdemaeker. — Leerares : Mw De Give-Ledelier.
229 1283 1703 1342 7° a) DERDE FANTASIA voor Pianoforte Peter Benoit.
288 1368 1712 1445 b) Tarantella voor Pianoforte KAREL DE BÉRIOT (II).
385 1486 1685 1548 Hr Cornelius Overheyden. — Hulpleeraar : Hr Frans Lenaerts.
782 1719 1100 1786 ERRATUM
111 1792 1826 1863 In het programma van Zondag 10 Juni j. l., staat gedrukt : Karel Maria von Weber ;
41 1851 973 1904 men gelieve te lezen : Carl Maria von Weber.
797 1957 1073 2013 BERICHT
194 2030 1770 2110 De voortzetting der Leerlingen-Voordrachten der "Schoolafdeling,,
94 2095 1412 2157 zal plaats vinden op Zondagen : 24 Juni, 1, 8 en 15 Juli.
191 2154 1750 2239 De Leerlingen-Voortdrachen der "Conservatoriumafdeeling,, op
105 2219 708 2286 Zondagen 22 en 29 Juli.
255 2554 1685 2619 (1) (2). Uit de verzameling, met titel:  « Dit is een suijvenrlijck Boecxken »
232 2631 647 2686 door Fl. van Duyse.
