1913 2978
234 224 1685 333 4° a) LESTMAEL OP EENEN SOMERSCHEN DAGH
1364 342 1716 438 Oud volkslied (2).
315 456 1726 540 b) AVONDGROET ..... JAN BLOCKX.
342 562 1141 648 (Dichter : Jan Michiel Dautzenberg).
361 661 1562 741 Jw Honorina Quirijnen. —Leerares : Mw De Give-Ledelier.
256 806 1435 914 5° EERSTE CONCERTO voor Vioolcel (D. k.-t.).
1221 945 1707 1029 JULIUS DE SWERT.
373 1038 1611 1122 Hr Arthur Van Sintruyen. — Leeraar : Hr Arnold Godenne.
250 1227 1388 1304 6° DIVERTIMENTO SESTO in drie deelen
339 1335 841 1413 voor Klavecimbel
1246 1335 1639 1403 Frans Krafft.
1190 1409 1692 1471 (geb. Brussel 1733 + ..... )
364 1440 732 1505 1e deel : SNEL.
330 1536 1401 1608 CONCERTO in drie deelen, voor Pianoforte
1255 1654 1710 1713 JOZEF CALLAERTS.
383 1694 933 1762 1e deel : MATIG SNEL.
794 1951 1104 2041 BERICHT
216 2149 1760 2214 De voortzetting der Leerlinge-Voordrachten der "Schoolafdeling,,
110 2261 1212 2295 zal plaats vinden op Zondagen : 8 en 15 Juli.
243 2319 1732 2400 De Leerlingen-Voordrachten der "Conservatoriumafdeeling,, op
141 2431 754 2517 Zondagen 22 en 29 Juli.
297 2652 1706 2713 (1)(2) Uit de verzameling met titel : « Dit is een suyverlijnck Boeckxken »,
262 2701 1694 2755 inhoudende oude Nederlandsche geestelijke liederen, door Fl. van Duyse,
262 2764 1542 2807 zoon van onze grooten Vlaamschen dichter Prudens van Duyse.
