<?xml version="1.0" encoding="UTF-8" standalone="yes"?>
<PcGts xmlns="http://schema.primaresearch.org/PAGE/gts/pagecontent/2013-07-15" xmlns:xsi="http://www.w3.org/2001/XMLSchema-instance" xsi:schemaLocation="http://schema.primaresearch.org/PAGE/gts/pagecontent/2013-07-15 http://schema.primaresearch.org/PAGE/gts/pagecontent/2013-07-15/pagecontent.xsd">
    <Metadata>
        <Creator>prov=READ-COOP:name=TrHtr:version=2.23.1:model_id=51170:date=22_02_2025_11:24</Creator>
        <Created>2025-02-21T16:38:33.830+01:00</Created>
        <LastChange>2025-02-22T11:24:26.124+01:00</LastChange>
        <TranskribusMetadata docId="7039033" pageId="91997337" pageNr="2" tsid="230764070" status="IN_PROGRESS" userId="131016" imgUrl="https://files.transkribus.eu/Get?id=CGVAWBYGVJPXGGGKFDXWIMIF&amp;fileType=view" xmlUrl="https://files.transkribus.eu/Get?id=FEVNVHDQUWNUJGSTXDRNQVGX" imageId="76789622"/>
    </Metadata>
    <Page imageFilename="0002_kcg-demon-missin6-OP.OM.deMonte21-fs-00007.jpg" imageWidth="2567" imageHeight="3780">
        <ReadingOrder>
            <OrderedGroup id="ro_1757316169610" caption="Regions reading order">
                <RegionRefIndexed index="0" regionRef="tr_1"/>
            </OrderedGroup>
        </ReadingOrder>
        <TextRegion orientation="0.0" id="tr_1" custom="readingOrder {index:0;}">
            <Coords points="209,268 209,3592 2170,3592 2170,268"/>
            <TextLine id="tr_1_tl_1" custom="readingOrder {index:0;}">
                <Coords points="923,343 965,321 1016,347 1098,328 1322,357 1468,326 1465,250 1400,233 1375,250 1225,233 1130,253 921,238"/>
                <Baseline points="937,307 963,309 990,311 1017,312 1043,314 1070,316 1097,314 1123,313 1150,315 1177,316 1204,316 1230,316 1257,316 1284,316 1310,316 1337,316 1364,319 1390,322 1417,320 1444,320 1471,322"/>
                <TextEquiv>
                    <Unicode>VOORWOORD</Unicode>
                </TextEquiv>
            </TextLine>
            <TextLine id="tr_1_tl_2" custom="readingOrder {index:1;}">
                <Coords points="452,595 2163,615 2160,537 2007,505 1888,559 1439,515 1344,564 450,508"/>
                <Baseline points="465,579 550,579 635,582 720,585 805,584 890,585 975,585 1060,588 1145,591 1230,591 1316,594 1401,594 1486,597 1571,597 1656,598 1741,598 1826,600 1911,598 1996,600 2081,603 2167,606"/>
                <TextEquiv>
                    <Unicode>E hierbij gepubliceerde Missa sine nomine, door Dr Van</Unicode>
                </TextEquiv>
            </TextLine>
            <TextLine id="tr_1_tl_3" custom="readingOrder {index:2;}">
                <Coords points="476,685 1645,676 2168,727 2165,615 2046,605 1815,644 476,605"/>
                <Baseline points="489,656 573,656 657,659 741,661 825,662 909,662 993,664 1077,665 1161,662 1245,665 1329,667 1413,668 1497,671 1581,672 1665,674 1749,674 1833,674 1917,677 2001,680 2085,681 2170,683"/>
                <TextEquiv>
                    <Unicode>Doorslaer in zijn monografie over Ph. de Monte op blz. 170</Unicode>
                </TextEquiv>
            </TextLine>
            <TextLine id="tr_1_tl_4" custom="readingOrder {index:3;}">
                <Coords points="464,731 671,775 919,739 2153,787 2109,705 464,690"/>
                <Baseline points="477,728 561,731 645,734 729,737 813,737 897,737 981,740 1065,740 1149,743 1233,746 1317,745 1401,745 1485,746 1569,749 1653,752 1737,752 1821,752 1905,758 1989,758 2073,759 2158,758"/>
                <TextEquiv>
                    <Unicode>vermeld, komt voor in Fol. 149-169 van het HA. 15948, in</Unicode>
                </TextEquiv>
            </TextLine>
            <TextLine id="tr_1_tl_5" custom="readingOrder {index:4;}">
                <Coords points="216,826 1142,841 1142,795 999,787 962,753 819,785 566,748 513,775 216,765"/>
                <Baseline points="229,809 275,806 321,809 367,812 413,809 459,809 505,809 551,810 597,812 643,812 689,813 735,814 781,813 827,815 873,815 919,815 965,815 1011,816 1057,818 1103,820 1149,821"/>
                <TextEquiv>
                    <Unicode>de Nationalbibliothek te Weenen.</Unicode>
                </TextEquiv>
            </TextLine>
            <TextLine id="tr_1_tl_6" custom="readingOrder {index:5;}">
                <Coords points="284,899 2155,933 2153,870 2022,853 284,833"/>
                <Baseline points="298,880 391,886 484,886 577,889 670,889 763,889 856,892 949,892 1042,895 1135,897 1228,898 1321,898 1414,898 1507,901 1600,904 1693,904 1786,907 1879,907 1972,907 2065,908 2158,907"/>
                <TextEquiv>
                    <Unicode>Waarschijnlijk is ze niet van parodischen oorsprong en steunt ze dus</Unicode>
                </TextEquiv>
            </TextLine>
            <TextLine id="tr_1_tl_7" custom="readingOrder {index:6;}">
                <Coords points="216,987 2148,1006 2146,938 2029,919 216,928"/>
                <Baseline points="229,964 325,961 421,964 517,964 614,964 710,964 806,964 903,967 999,971 1095,973 1192,973 1288,976 1384,975 1480,976 1577,979 1673,980 1769,979 1866,982 1962,982 2058,985 2155,988"/>
                <TextEquiv>
                    <Unicode>op vrij gevonden motieven. De ontleding van het werk wijst op een kort</Unicode>
                </TextEquiv>
            </TextLine>
            <TextLine id="tr_1_tl_8" custom="readingOrder {index:7;}">
                <Coords points="214,1055 2155,1089 2155,1023 2010,1004 214,979"/>
                <Baseline points="226,1036 322,1042 419,1042 515,1039 612,1042 709,1042 805,1042 902,1045 998,1048 1095,1050 1192,1049 1288,1049 1385,1050 1481,1053 1578,1054 1675,1056 1771,1056 1868,1058 1964,1059 2061,1059 2158,1062"/>
                <TextEquiv>
                    <Unicode>hoofdmotief, met een opeenvolging van respectievelijk opgaande en</Unicode>
                </TextEquiv>
            </TextLine>
            <TextLine id="tr_1_tl_9" custom="readingOrder {index:8;}">
                <Coords points="221,1125 2146,1145 2146,1094 1922,1072 751,1103 221,1059"/>
                <Baseline points="235,1116 330,1116 426,1118 522,1119 618,1119 714,1121 810,1120 905,1125 1001,1122 1097,1125 1193,1125 1289,1128 1385,1128 1481,1128 1576,1131 1672,1131 1768,1133 1864,1129 1960,1134 2056,1137 2152,1140"/>
                <TextEquiv>
                    <Unicode>dalende terts klein : re-fa-re-re. Voor het eerst bij het begin van het</Unicode>
                </TextEquiv>
            </TextLine>
            <TextLine id="tr_1_tl_10" custom="readingOrder {index:9;}">
                <Coords points="214,1210 2143,1239 2143,1157 214,1152"/>
                <Baseline points="226,1191 322,1189 418,1195 514,1197 610,1195 706,1196 802,1200 898,1200 994,1200 1090,1203 1186,1203 1282,1203 1378,1205 1474,1206 1570,1206 1666,1209 1762,1207 1858,1210 1954,1212 2050,1215 2146,1218"/>
                <TextEquiv>
                    <Unicode>Kyrie ontwikkeld, verschijnt het motief weer bij den inzet van de Gloria,</Unicode>
                </TextEquiv>
            </TextLine>
            <TextLine id="tr_1_tl_11" custom="readingOrder {index:10;}">
                <Coords points="224,1285 1983,1327 2146,1312 2146,1242 221,1227"/>
                <Baseline points="238,1265 333,1271 429,1271 525,1272 620,1272 716,1273 812,1272 907,1277 1003,1277 1099,1280 1195,1280 1290,1280 1386,1283 1482,1283 1577,1286 1673,1286 1769,1287 1864,1289 1960,1289 2056,1289 2152,1295"/>
                <TextEquiv>
                    <Unicode>van Qui tollis (Gloria), Credo, Incarnatus, Et in Spiritum, Sanctus, Pleni,</Unicode>
                </TextEquiv>
            </TextLine>
            <TextLine id="tr_1_tl_12" custom="readingOrder {index:11;}">
                <Coords points="214,1356 2148,1385 2146,1324 2048,1302 214,1322"/>
                <Baseline points="226,1346 322,1346 418,1349 514,1351 611,1352 707,1352 803,1355 900,1352 996,1355 1092,1355 1189,1355 1285,1358 1381,1356 1477,1358 1574,1358 1670,1361 1766,1361 1863,1363 1959,1364 2055,1365 2152,1370"/>
                <TextEquiv>
                    <Unicode>Agnus en Øui tollis (Aignus). Bovendien op twee plaatsen van minder</Unicode>
                </TextEquiv>
            </TextLine>
            <TextLine id="tr_1_tl_13" custom="readingOrder {index:12;}">
                <Coords points="219,1431 2087,1460 2087,1378 219,1361"/>
                <Baseline points="232,1421 325,1424 418,1424 511,1430 604,1429 697,1427 790,1430 883,1430 976,1432 1069,1433 1162,1433 1255,1433 1348,1433 1441,1436 1534,1439 1627,1436 1720,1439 1813,1439 1906,1439 1999,1442 2093,1442"/>
                <TextEquiv>
                    <Unicode>belang : Quoniam tu solus (in de Gloria) en Filius Dei, in het Credo.</Unicode>
                </TextEquiv>
            </TextLine>
            <TextLine id="tr_1_tl_14" custom="readingOrder {index:13;}">
                <Coords points="270,1519 2146,1543 2146,1470 2058,1453 270,1458"/>
                <Baseline points="283,1498 376,1501 469,1501 563,1503 656,1501 750,1502 843,1504 937,1506 1030,1507 1124,1507 1217,1510 1310,1510 1404,1510 1497,1510 1591,1511 1684,1514 1778,1514 1871,1514 1965,1515 2058,1516 2152,1519"/>
                <TextEquiv>
                    <Unicode>Zulke hoofdrol vervult dit motif dat de andere bijna geheel worden</Unicode>
                </TextEquiv>
            </TextLine>
            <TextLine id="tr_1_tl_15" custom="readingOrder {index:14;}">
                <Coords points="216,1589 2136,1614 2136,1543 1844,1526 216,1536"/>
                <Baseline points="229,1576 324,1573 420,1580 516,1582 611,1580 707,1582 803,1582 898,1582 994,1582 1090,1585 1186,1586 1281,1585 1377,1588 1473,1586 1568,1588 1664,1591 1760,1591 1855,1591 1951,1592 2047,1594 2143,1591"/>
                <TextEquiv>
                    <Unicode>uitgeschakeld, behalve dat van Christe (sol-fa-si-re bemol), dat weer op-</Unicode>
                </TextEquiv>
            </TextLine>
            <TextLine id="tr_1_tl_16" custom="readingOrder {index:15;}">
                <Coords points="209,1660 2146,1691 2126,1611 209,1592"/>
                <Baseline points="223,1654 319,1654 415,1657 512,1657 608,1657 705,1657 801,1660 898,1660 994,1660 1091,1663 1187,1663 1283,1663 1380,1666 1476,1666 1573,1666 1669,1667 1766,1669 1862,1671 1959,1671 2055,1672 2152,1669"/>
                <TextEquiv>
                    <Unicode>duikt in Kyrie II, Qui tollis van Gloria, Factorem Coeli, en Incarnatus</Unicode>
                </TextEquiv>
            </TextLine>
            <TextLine id="tr_1_tl_17" custom="readingOrder {index:16;}">
                <Coords points="207,1737 1533,1769 1533,1701 1485,1689 207,1689"/>
                <Baseline points="220,1728 286,1729 352,1731 418,1731 484,1731 550,1734 616,1734 682,1734 748,1734 814,1737 880,1735 946,1737 1012,1737 1078,1737 1144,1740 1210,1740 1276,1740 1342,1743 1408,1740 1474,1740 1540,1743"/>
                <TextEquiv>
                    <Unicode>van Credo, waar het meestal in de bas optreedt.</Unicode>
                </TextEquiv>
            </TextLine>
            <TextLine id="tr_1_tl_18" custom="readingOrder {index:17;}">
                <Coords points="260,1837 2148,1854 2134,1764 260,1750"/>
                <Baseline points="274,1809 368,1809 462,1810 556,1812 650,1812 744,1812 838,1810 932,1812 1026,1815 1120,1818 1214,1815 1308,1815 1402,1814 1496,1818 1590,1821 1684,1821 1778,1820 1872,1821 1966,1821 2060,1824 2155,1824"/>
                <TextEquiv>
                    <Unicode>Deze mis, voor een geheel van zes hooge stemmen geschreven, zal</Unicode>
                </TextEquiv>
            </TextLine>
            <TextLine id="tr_1_tl_19" custom="readingOrder {index:18;}">
                <Coords points="202,1903 2143,1915 2143,1852 2053,1835 202,1832"/>
                <Baseline points="214,1884 310,1887 407,1887 504,1886 601,1887 697,1887 794,1887 891,1887 988,1891 1084,1892 1181,1892 1278,1892 1375,1892 1471,1892 1568,1895 1665,1896 1762,1895 1858,1897 1955,1895 2052,1898 2149,1895"/>
                <TextEquiv>
                    <Unicode>uiteraard een sonoriteit van kristaalklank verwekken. De Monte ont-</Unicode>
                </TextEquiv>
            </TextLine>
            <TextLine id="tr_1_tl_20" custom="readingOrder {index:19;}">
                <Coords points="202,1983 2143,2005 2143,1937 2070,1917 202,1920"/>
                <Baseline points="214,1958 310,1964 407,1963 504,1964 601,1964 697,1964 794,1964 891,1964 988,1967 1084,1970 1181,1970 1278,1970 1375,1970 1471,1970 1568,1971 1665,1973 1762,1970 1858,1972 1955,1976 2052,1976 2149,1979"/>
                <TextEquiv>
                    <Unicode>wikkelt hier een zeer vrij contrapunt, met een ongemeen rijke afwisseling</Unicode>
                </TextEquiv>
            </TextLine>
            <TextLine id="tr_1_tl_21" custom="readingOrder {index:20;}">
                <Coords points="197,2056 2138,2087 2138,2007 1966,1990 197,1988"/>
                <Baseline points="209,2036 305,2039 402,2037 499,2042 595,2042 692,2039 789,2042 885,2042 982,2043 1079,2045 1176,2045 1272,2045 1369,2045 1466,2048 1562,2048 1659,2049 1756,2050 1852,2051 1949,2051 2046,2048 2143,2045"/>
                <TextEquiv>
                    <Unicode>in niet-symmetrische verdeelingen van de stemmen, die door hun ver-</Unicode>
                </TextEquiv>
            </TextLine>
            <TextLine id="tr_1_tl_22" custom="readingOrder {index:21;}">
                <Coords points="197,2134 2141,2146 2141,2087 1951,2068 197,2056"/>
                <Baseline points="209,2113 305,2113 402,2117 499,2119 596,2119 693,2119 790,2119 886,2117 983,2120 1080,2122 1177,2122 1274,2122 1371,2122 1468,2122 1564,2124 1661,2125 1758,2125 1855,2127 1952,2128 2049,2128 2146,2122"/>
                <TextEquiv>
                    <Unicode>fijning mooi afsteken tegen de goedkoope effekten van den dubbelkoor-</Unicode>
                </TextEquiv>
            </TextLine>
            <TextLine id="tr_1_tl_23" custom="readingOrder {index:22;}">
                <Coords points="197,2209 2146,2238 2124,2141 197,2134"/>
                <Baseline points="211,2188 308,2191 405,2192 502,2197 599,2197 696,2195 793,2194 890,2197 987,2197 1084,2198 1181,2200 1278,2200 1375,2200 1472,2198 1569,2203 1666,2203 1763,2202 1860,2204 1957,2206 2054,2206 2152,2203"/>
                <TextEquiv>
                    <Unicode>stijl. Waar hij het sextuor opgeeft voor het quatuor (Crucifixus, Et</Unicode>
                </TextEquiv>
            </TextLine>
            <TextLine id="tr_1_tl_24" custom="readingOrder {index:23;}">
                <Coords points="197,2294 2138,2284 2061,2221 197,2209"/>
                <Baseline points="209,2263 305,2272 402,2272 499,2275 595,2275 692,2272 789,2272 885,2273 982,2275 1079,2276 1176,2275 1272,2277 1369,2278 1466,2278 1562,2278 1659,2279 1756,2278 1852,2281 1949,2281 2046,2281 2143,2275"/>
                <TextEquiv>
                    <Unicode>iterum, Benedictus) weet hij met betooverenden zwier de sierlijkste arabes-</Unicode>
                </TextEquiv>
            </TextLine>
            <TextLine id="tr_1_tl_25" custom="readingOrder {index:24;}">
                <Coords points="197,2357 2141,2369 2085,2299 1776,2287 197,2294"/>
                <Baseline points="211,2346 307,2346 404,2344 501,2347 598,2349 694,2351 791,2349 888,2352 985,2352 1081,2352 1178,2352 1275,2352 1372,2352 1468,2355 1565,2354 1662,2351 1759,2355 1855,2358 1952,2358 2049,2358 2146,2358"/>
                <TextEquiv>
                    <Unicode>ken te verwerken, zonder ook maar een zweem van gewild-nauwkeurige</Unicode>
                </TextEquiv>
            </TextLine>
            <TextLine id="tr_1_tl_26" custom="readingOrder {index:25;}">
                <Coords points="197,2437 2146,2457 2146,2381 2019,2372 197,2381"/>
                <Baseline points="209,2421 306,2421 403,2424 500,2427 597,2427 694,2427 791,2424 889,2430 986,2429 1083,2430 1180,2430 1277,2430 1374,2433 1471,2431 1569,2431 1666,2432 1763,2433 1860,2430 1957,2436 2054,2436 2152,2433"/>
                <TextEquiv>
                    <Unicode>expressie. In de tutti-passages, meer bepaald bij het einde van Credo</Unicode>
                </TextEquiv>
            </TextLine>
            <TextLine id="tr_1_tl_27" custom="readingOrder {index:26;}">
                <Coords points="207,2537 926,2503 2136,2554 2136,2462 1869,2445 207,2457"/>
                <Baseline points="220,2502 316,2502 412,2505 508,2505 604,2505 700,2502 796,2505 892,2505 988,2505 1084,2507 1180,2505 1276,2507 1372,2508 1468,2508 1564,2508 1660,2511 1756,2511 1852,2509 1948,2509 2044,2511 2140,2505"/>
                <TextEquiv>
                    <Unicode>(Et in Spiritum) treft ons het sterk-dgnamische van de algemeene be-</Unicode>
                </TextEquiv>
            </TextLine>
            <TextLine id="tr_1_tl_28" custom="readingOrder {index:27;}">
                <Coords points="204,2593 2141,2615 2080,2530 204,2539"/>
                <Baseline points="217,2573 313,2571 409,2582 506,2582 602,2581 699,2580 795,2579 892,2579 988,2579 1085,2582 1181,2582 1277,2585 1374,2582 1470,2585 1567,2585 1663,2585 1760,2585 1856,2586 1953,2587 2049,2585 2146,2588"/>
                <TextEquiv>
                    <Unicode>weging, maar buitendien een verrassende durf in de individueele stem-</Unicode>
                </TextEquiv>
            </TextLine>
            <TextLine id="tr_1_tl_29" custom="readingOrder {index:28;}">
                <Coords points="197,2654 2129,2673 2129,2629 1925,2605 197,2624"/>
                <Baseline points="211,2642 307,2654 403,2657 499,2657 595,2657 691,2657 787,2657 884,2660 980,2660 1076,2660 1172,2660 1268,2659 1364,2660 1460,2660 1557,2663 1653,2663 1749,2663 1845,2663 1941,2665 2037,2666 2134,2663"/>
                <TextEquiv>
                    <Unicode>voering, en een kracht in de plastische voorstelling die soms zoo merkwaar-</Unicode>
                </TextEquiv>
            </TextLine>
            <TextLine id="tr_1_tl_30" custom="readingOrder {index:29;}">
                <Coords points="202,2739 321,2777 676,2736 1244,2773 1220,2683 202,2680"/>
                <Baseline points="214,2729 265,2731 317,2732 369,2734 421,2734 473,2734 525,2734 576,2734 628,2737 680,2736 732,2734 784,2736 836,2734 888,2737 939,2736 991,2735 1043,2737 1095,2737 1147,2737 1199,2737 1251,2737"/>
                <TextEquiv>
                    <Unicode>dig de Monte en Lassus bijeenbrengt.</Unicode>
                </TextEquiv>
            </TextLine>
            <TextLine id="tr_1_tl_31" custom="readingOrder {index:30;}">
                <Coords points="1443,2855 1509,2824 1694,2821 1745,2855 1827,2863 1912,2826 2078,2833 2078,2753 1917,2777 1878,2756 1820,2780 1699,2746 1521,2777 1443,2758"/>
                <Baseline points="1457,2812 1488,2816 1519,2818 1551,2818 1582,2818 1613,2817 1645,2815 1676,2815 1707,2815 1739,2815 1770,2815 1801,2817 1833,2818 1864,2818 1895,2818 1927,2818 1958,2818 1989,2818 2021,2820 2052,2822 2084,2824"/>
                <TextEquiv>
                    <Unicode>CH. VAN DEN BORREN.</Unicode>
                </TextEquiv>
            </TextLine>
            <TextLine id="tr_1_tl_32" custom="readingOrder {index:31;}">
                <Coords points="1439,3084 1451,3086 1463,3074 1480,3069 1492,3074 1524,3055 1562,3057 1572,2969 1548,2962 1533,2972 1511,2969 1504,2977 1451,2969"/>
                <Baseline points="1454,3066 1483,3059 1512,3054 1541,3052 1570,3054"/>
                <TextEquiv>
                    <Unicode>ESCHIMT</Unicode>
                </TextEquiv>
            </TextLine>
            <TextLine id="tr_1_tl_33" custom="readingOrder {index:32;}">
                <Coords points="1439,3234 1451,3239 1509,3220 1672,3144 1718,3147 1737,3091 1701,3093 1696,3084 1674,3093 1657,3069 1543,3115 1480,3120"/>
                <Baseline points="1463,3206 1490,3199 1517,3192 1545,3179 1572,3167 1600,3155 1627,3145 1654,3135 1682,3125 1709,3119 1737,3113"/>
                <TextEquiv>
                    <Unicode>"GEVOI"</Unicode>
                </TextEquiv>
            </TextLine>
            <TextLine id="tr_1_tl_34" custom="readingOrder {index:33;}">
                <Coords points="1648,3298 1669,3300 1706,3280 1733,3283 1750,3268 1762,3271 1776,3290 1788,3290 1796,3205 1784,3208 1771,3200 1759,3210 1733,3181 1716,3174 1696,3178 1679,3164 1665,3164"/>
                <Baseline points="1668,3243 1695,3233 1722,3226 1749,3225 1776,3224 1803,3224"/>
                <TextEquiv>
                    <Unicode>3B</Unicode>
                </TextEquiv>
            </TextLine>
            <TextLine id="tr_1_tl_35" custom="readingOrder {index:34;}">
                <Coords points="1242,3324 1254,3324 1264,3317 1293,3324 1307,3319 1324,3322 1324,3195 1300,3193 1266,3164 1256,3174 1242,3174"/>
                <Baseline points="1254,3278 1279,3276 1305,3276 1331,3278"/>
                <TextEquiv>
                    <Unicode>8</Unicode>
                </TextEquiv>
            </TextLine>
            <TextLine id="tr_1_tl_36" custom="readingOrder {index:35;}">
                <Coords points="1378,3570 1409,3572 1441,3599 1492,3609 1516,3601 1604,3611 1582,3472 1548,3480 1536,3497 1490,3472 1446,3463 1417,3438 1402,3453 1361,3455"/>
                <Baseline points="1388,3544 1415,3548 1442,3551 1469,3555 1497,3561 1524,3568 1551,3569 1578,3571 1606,3573"/>
                <TextEquiv>
                    <Unicode>(M)M</Unicode>
                </TextEquiv>
            </TextLine>
        </TextRegion>
    </Page>
</PcGts>
