2580 3792
1192 202 1599 323 PRÉFACE
584 466 2363 599 A Missa sine nomine, publiée ci-après, et que signale le Dr Van
613 591 2368 668 Doorslaer à la page 170 de sa monographie sur Ph. de Monte,
508 668 2370 781 — figure dans le manuscrit 15948 de la Nationalbibliothek de
411 722 1212 833 Vienne, aux folios 149 à 169.
448 803 2370 914 Il est vraisemblable qu’elle n’est pas d’origine parodique et que les
392 894 2360 983 motifs sur lesquels elle repose sont, par conséquent, d’invention libre.
402 973 2370 1057 L’étude Realytique de l’œuvre établit l'existence d’un motif de tête
392 1052 2360 1131 très bref, qui comporte la succession de tience mineure respectivement
392 1123 2360 1205 ascendante et descendante: ré-fa- ré-ré. Ce motif, exposé pour la première
397 1192 2373 1291 fois à l’entrée du Kyrie, reparaît dans la suite, au début du Gloria, du
402 1276 2363 1362 Qui tollis (Gloria), du Credo, de l'Incarnatus, de I'Et in Spiritum, du
397 1362 2355 1446 Sanctus, du Pleni, de l’Agnus, et du Çui tollis (Agnus). On le rencontre,
392 1436 2360 1540 de plus, à deux endroits plutôt secondaires, à savoir : Quoniam tu solus,
392 1518 2360 1594 dans le Gloria, et Filius Dei, dans le Credo. Son rôle est important
397 1594 2360 1690 au point de rendre quasi inexistant celui des autres motifs, si l’on excepte
397 1665 2370 1749 celui du Christe (sol-fa-si-ré bémol), qui reparaît dans le Kyrie II, le Øui
387 1734 2360 1826 tollis du Gloria, les passages : Factorem Coeli, et Et incarnatus du
399 1811 1754 1904 Credo, faisant le plus souvent fonction de basse.
458 1895 2345 2001 Écrite à six parties pour un ensemble de voix élevées, cette messe
377 1981 2348 2084 se tient dans une tessiture générale qui favorise essentiellement les sono-
379 2060 2350 2139 rités cristallines. Monte y pratique un contrepoint très libre, réalisant la
394 2114 2341 2237 plus extrême variété par des alleions non symétriques des voix, qui s’op-
389 2210 2348 2313 posent, par leur raffinement, aux effets faciles du style à double choeur.
384 2284 2336 2405 Là où il abandonne le sextuor pour le quatuor (Crucifixus, Et iterum,
384 2355 2333 2466 Benedictus),il use avec la plus exquise délicatesse des prestiges de l'ara-
387 2437 2341 2550 besque ornementale, à l’exclusion de toute recherche d’expression précise.
377 2498 2341 2634 Dans les passages en tutti, on remarque, plus particulièrement à la fin du
382 2592 2336 2695 Credo (Et in Spiritum), outre la force impulsive du mouvement général,
384 2671 2336 2784 l’audace peu commune qui préside à la marche individuelle des parties,
377 2747 2348 2838 et cette vigueur de la conception plastique qui rapproche parfois, de
370 2806 2225 2961 façon si caractéristique, Philippe de Monte de Roland de Lassus.
1643 2984 2281 3104 CH. VAN DEN BORREN.
