2580 3792
907 211 1398 342 FORKWORD
323 478 2142 607 THE Missa sine nomine here published, mentioned by Dr Van
420 602 2128 711 Doorslaer in his monography on Philip de Monte (page 170),
279 667 364 752 T
422 674 2150 779 comes from the Vienna Nationalbibliothek, Ms. 15948, folios 149
197 742 415 839 to 169.
247 801 2140 917 As this mass is probably not a parody one, the themes must have
194 893 2142 990 been freelv invented. Aualysis of the work revealed the existence of
189 985 2142 1080 a very short motif de tête consisting of a respectively ascending and des-
189 1051 2138 1167 cending minor third, a, f, d, d. This motif, brought out for the first time
189 1135 2135 1230 in the opening mesures of the Kyrie, comes in again at the beginning
197 1208 2138 1308 of the Gloria, Qui tollis (Gloria), Credo, Et incarnatus, Et in Spiritum,
201 1288 2130 1378 Sanctus, Pleni, Agnus and Qui tollis (Agnus). It is to be met with, besides,
206 1361 2125 1473 in two rathersteondary places, i. e. the Quoniam tu solus, in the Gloria,
194 1444 2130 1543 and Filium Dei, in the Credo. The importance of its role is such as to
197 1514 2128 1611 quite annul that of all other motifs excepting the Christe theme, (g, f, b b h),
201 1587 2135 1696 whichI reappears in the Kyrie II, Qui tollis of the Gloria, and the Factorem
189 1674 2123 1769 coeli and Et incarnatus passages of the Credo, in all of which it is used,
184 1737 1264 1844 for the most part, as aauctional bass.
250 1822 2118 1929 Written in six parts for high voices, the mass stands, generally speaking,
180 1895 2121 1982 in a tessitura essentially favouring crystalline tone-effects. Monte makes
175 1980 2116 2074 use throughout of very free counterpoint, and attains to the uttermost
177 2038 2123 2140 degree oflicariety through non-symmetrical groupings of the voices,
184 2138 2116 2232 which “refined. “proceeding” is inolking opposition” with the too easy
172 2203 728 2307 double-choir effects.
238 2278 2123 2385 When he leaves inside six-part for four-part writing (Crucificus, Et
172 2341 2113 2465 iterum, Benedictus), Monte handles the ornamental arabesqueexquisitely,
177 2436 2116 2518 with no Urecise aiming at expressioeness. In the tutti passages, especially
170 2504 2111 2606 towards the end of the Credo (Et in Spiritum), one is struck by the
175 2586 2113 2681 imp ùlsive force of the voice mouvements, the incommon audacity
170 2679 2101 2761 commanding the promesion of each part, and that strong plastic con-
165 2747 2116 2848 ception which sometimes approches, in such a characteristic way, Philip
172 2834 1021 2928 de Monte to Roland de Lassus.
1298 2897 2050 3018 Charles VAN DEN BORREN.
