2580 3782
1285 159 1739 282 VORWORT
760 437 2433 574 ACHSTEHENDE, von Dr Van Doorslaer auf Seite 170 seiner
795 530 2428 655 Ph. de Monte-Monographie erwähnte Missa sine nomine,
544 552 640 692 I
785 628 2440 755 kommt in dem Manuskript 15948, folio 149-169, der Wiener
490 682 1162 795 Nationalbibliothek vor.
549 768 2423 895 Wahrscheinlich ist sie nicht parodistischen Ursprungs und sind die
471 849 2426 966 in ihr zur Verwendung kommenden Motive daher freier Erfindung. Die
471 922 2423 1055 Analyse des Werkes ergibt die Verwendung eines kurzen Hauptmotives
468 1030 2421 1133 mit kleiner Terz (aufwärts und abwäfts): D-F-D-D. Zum erstenmal beim
468 1099 2421 1207 Eingang des Kyrie in die Erscheinung getreten, kommt das Motiv dann am
461 1172 2413 1280 Anfang des Gloria, des Qui tollis (Gloria), des Credo, des Incarnatus,
464 1251 2426 1383 Et in Spiritum, Sanctus, Pleni, Agnus und Qui tollis (Agnus) vor. Ferner
456 1310 2421 1440 erscheint es an zwei mehr nebensächlichen Stellen, nämlich bei: Quoniam
456 1410 2416 1516 tu solus im Gloria und Filius Dei im Credo. Seine Rolle ist so wichtig, dass
459 1464 2416 1594 die andern Motive fast verschwinden, mit Ausnahme des Motivs bei
451 1557 2418 1695 Christe (G-F-B), welches im Kyrie II, im Qui tollis des Gloria, bei
444 1626 2411 1758 factorem coeli und Et incarnatus des Credo gehört wird, wo est meist als
444 1709 826 1805 Bass auftritt.
508 1783 2408 1913 Für sechs Stimmen in hoher Lage geschrieben, scheint die Messe das
444 1842 2399 1999 Erzeugen kristallhellen Wohlklangs zu beabsichtigen. Bei sehr freiem
437 1940 2384 2058 Contrapunkt erzielt de Monte die grösste Abwechslung durch unsyme-
437 2011 2396 2143 trisches Einteilen der Stimmen, eine Weinheit die die billigen Effekte des
432 2090 2389 2215 Doppelchor-Syles zu vermeiden bestrebt ist. Da, wo er statt dem Sextett
427 2185 2381 2286 nur das Quartett zu Wort kommen lässt (Crucifixus, Et iterum, Bene-
419 2244 2386 2367 dictus), verwendet er mit feinstem Takt dieernamentik glanzvoller
419 2337 2386 2465 Arabesken, ohne in Madrigalistik zu verfallen. An den Tutti-Stellen fällt
419 2426 2384 2543 z. B. am Ende des Credo (Et in Spiritum), äusser der dynamischen Kraft
419 2482 2386 2607 des Ganzen, die ungewöhnliche Kühnheit der Stimmführung auf, sowie
414 2565 2379 2695 die kraftvolle Plastik, wodurch Philipp de Monte manchmal an Orlando
419 2634 922 2742 di Lasso erinnert.
1687 2737 2323 2847 Ch. VAN DEN BORREN.
