8533 13120
2013 1719 7565 2171 L'intention de la Société des Concerts de musique vocale, reli¬
1927 2070 7565 2421 gieuse et classique, en publiant ce recueil de morceaux choisis parmi
1820 2285 7529 2636 les ouvrages des anciens maîtres, est de faire connaître, et de ré¬
1834 2529 7565 2866 pandre autant que possible dans le monde, dans les écoles de chant
1841 2765 7565 3073 et dans les chapelles, le goût de la bonne et sévère harmonie et du
1834 2987 5409 3295 style musical véritablement ecclésiastique.
2027 3174 7515 3546 Se borner à exécuter ces morceaux devant un auditoire nécessai¬
1841 3439 7565 3782 rement fort limité n'eût été pour la Société que remplir une partie de
1848 3675 7572 4005 la mission qu'elle s'était proposée ; il fallait les faire circuler parmi
1848 3904 7579 4219 les artistes et les amateurs en en facilitant la lecture et l'étude. Nous
1855 4133 7565 4470 nous sommes efforcés de réaliser ce but en apportant le plus grand
1855 4363 7586 4707 soin à éviter les fautes typographiques qui ne se glissent que trop
1855 4599 7594 4921 souvent dans des publications de ce genre, et en indiquant les
1848 4821 7601 5187 nuances qu'aucun ancien manuscrit de ces compositeurs ne fait
1870 5058 6469 5387 connaître, mais qui ont été recueillies par la tradition.
2106 5287 7608 5609 Quoique la manière d'exécuter la musique dite à la Palestrina ne
1877 5509 7615 5853 soit pas une énigme dont nous prétendions avoir seuls la clef, il est
1884 5752 7594 6075 incontestable qu'elle présente au premier abord certaines difficultés
1891 5975 7579 6340 que l'expérience nous a appris à résondre, et à l'égard desquelles
1949 6218 5953 6533 quelques mots d'explication ne sont pas inutiles.
2070 6426 7586 6763 On doit d'abord ne pas se méprendre sur le mouvement de ces mor¬
1898 6655 7558 6999 ceaux. La valeur de la musique y est bien de deux ou trois rondes
1891 6892 7594 7228 mais il laut y considérer la blanche comme égalant environ 92 degrés
1891 7106 7601 7450 du métronome de Maelzel. Le sens des paroles, l'expression à donner
1906 7343 7572 7672 à la musique, le lieu où l'on chante, régleront le sentiment du di¬
1906 7558 7586 7923 recteur dans l'indication du mouvement, qu'on ne saurait déterminer
1927 7794 6182 8117 d'avance, mais qui est généralement un peu animé.
2099 8009 7637 8353 Ces chœurs doivent être chantés avec la plus grande douceur, et
1913 8245 7637 8589 aussi legato que possible. Pour cela il sera utile que la moitié des
1941 8482 7629 8826 personnes exécutant la même partie s'arrange de manière à respirer
1934 8725 7601 9076 un pou avant l'autre, afin qu'il n'y ait jamais de solution de conti¬
1927 8955 7622 9313 nuite entre les sons, si ce n'est aux endroits indiqués par des pauses;
1934 9155 7629 9556 et cela sans faire attention aux paroles : les choristes ne doivent avoir
1963 9399 4055 9736 égard qu'à l'effet général.
2113 9621 7629 9972 Le maître de chapelle exigera sévèrement que les piano soient dits
1920 9857 7651 10187 à quart de voix; nous ne saurions trop insister sur la nécessité de
1934 10115 7637 10495 les observer avec le plus grand soin, car le principal défaut des
1906 10330 5301 10660 masses chorales est de chanter trop fort.
2120 10524 7637 10889 Les forte ne devront donc pas être exagérés, ils sont d'ailleurs
1906 10774 7601 11190 assoz rares dans ces compositions. Poco forte, quasi forte, voilà pres¬
