8533 13266
872 1082 6655 1565 que toujours le maximum d'intensité de son auquel on atteigne dans
872 1428 2502 1745 la chapelle Sixtine.
1067 1615 6583 2019 Il ne laut donc jamais crier les forte; les voix d'hommes et d'en¬
865 1896 6626 2250 fants surtout, quand elles forcent, ont généralement un son guttural
865 2127 4045 2459 et vulgaire qu'il est à propos d'éviter.
1053 2336 6619 2704 Cette musique sera donc rendue avec un sentiment en quelque
836 2596 6640 2949 sorte respectueux qui exclue les éclats de voix et les effets bruyants;
858 2834 6583 3165 les demi-teintes y domineront presque exclusivement ; on l'exécu¬
858 3064 4499 3367 tora avec beaucoup d'onction et de suavité.
1045 3281 6561 3634 La scrupuleuse observation de ces préceptes est indispensable
858 3526 6626 3850 non seulement pour que l'exécution des morceaux a capella soit
858 3749 6626 4095 agréable, mais pour que même ils puissent être compris. Chantée à
872 3987 6619 4326 tue-tête, sans nuances, comme on chante au lutrin, la musique de
858 4203 6619 4571 Palestrina, de Lasso, d'Allegri, au bout de quelque temps paraîtra
851 4449 4960 4787 monotone et fatigante à la plupart des auditeurs.
1038 4672 6633 5018 Dite avec soin et expression, auçune harmonie au monde n'est plus
822 4903 3547 5227 faite pour émouvoir et charmer.
1045 5083 6633 5508 Lorsque les parties alternent, se succèdent, ot cela a lieu dans la
880 5364 6619 5739 plupart de ces morceaux, qui sont généralement fugués, il faudra
858 5609 6597 5970 faire sentir la première note des attaques ou des réponses, mais ce¬
887 5847 6590 6309 pendant sans trop forcer ; il en est de même pour les notes syn¬
865 6100 1514 6352 copées.
1074 6287 6604 6648 Une lois l'accord bien donné et bien entendu, le maître de cha¬
901 6547 6604 6886 pelle bat une mesure pour faire connaître le mouvement. Cette me¬
872 6770 6604 7123 sure, qui ne compte pas, étant terminée, le chœur commence aus¬
865 6994 6633 7376 sitôt. Il est superflu d'ajouter que la musique à la Palestrina doit être
880 7232 3518 7534 chantée sans accompagnement.
1067 7426 6597 7816 Comme elle est écrite assez bas, il sera nécessaire de forcer beau¬
851 7700 6619 8068 coup le nombre des soprani, et de mêler aux contralti quelques té¬
858 7917 6323 8284 nors hauts. Les ténors et les basses peuvent être en nombre égal.
1074 8176 6640 8501 Apres une note marquée d'un point d'orgue, le directeur cesse de
865 8371 6633 8767 battre, mais le chœur doit doubler la valeur de cette note en en pro¬
887 8630 6626 9005 longeant le son de manière à ce qu'il diminue graduellement et s'é¬
908 8854 5811 9214 teigne tout à fait lorsque la valeur de la note a été doublée.
1103 9085 6640 9467 L'observation de ces quelques règles, dont notre expérience nous
865 9315 6669 9676 à appris la nécessité, facilitera la mise ensemble et la lecture des
901 9568 6640 9986 chœurs de Palestrina, de Lasso, de Vittoria, d'Allegri, et en général
901 9806 3035 10101 des auteurs du 16e siècle.
1082 10022 6640 10390 Eœécutée avec le soin nécessaire, cette musique, dit Choron, produit un
901 10238 6676 10599 effet extraordinaire qui a réellement quelque chose de surnaturel, et qui justifie
908 10454 6640 10829 la qualification de genre sublime que les maîtres de tous les temps ont caeclusive¬
901 10707 4831 11053 mont ot unanimement décernée au stule de Palestrina,
3605 11089 6381 11536 LE PRINCE DE LA MOSKOWA.
