8533 11233
3729 1438 5319 1717 G. P. ADAPALESTRINA.
1628 1665 4399 1937 Lillustre Palestrina, l'un des créateurs de l’harmonie
1531 1903 4340 2097 et l'un des chefs de l'ancienne Ecole Romaine, étoit né en
1505 2075 4351 2313 1529 à Palestrina autrefois Preueste, petite ville de l'état
1505 2272 4392 2533 Romain, d’où les Biographes modernes l’ont appellé quelque
1479 2540 4328 2760 =fois Prenestino. II étudia son art sous le célébre Goudime
1512 2716 4358 2932 de Besançon,l'un des meilleurs maîtres de l'ancienne Ecole
1512 2902 4399 3163 Françoise,qui n'étoit elle-même qu'une émanation de l'EcoleFlas
1475 3092 4314 3371 mande, la premiere qui ait fleuri lors de la renaissance des
1509 3300 4306 3587 Arts, et qui doit être regardée comme la mere de toutes
1501 3516 2630 3762 les Ecoles modernes.
1628 3695 4321 3986 Quoique né dans l'indigence et l'obscurité, la beauté de
1512 3948 4321 4157 son génie ne tarda pas à le placer au premier rang parmi
1501 4120 4366 4410 les compositeurs. Une circonstance particulière vint contri
1479 4336 2749 4578 huer à son illustration.
1609 4515 4299 4749 Vers le milieu du 16e. Siécle les Contrapuntistes ayant
1512 4753 4265 4958 porté au plus haut dégré les fugues, les canons et toutes
1501 4932 4295 5148 les inventions artificieuses avoient pris un tel goût à ce
1501 5148 4310 5379 genre de compositionque dans la musique d’Eglise surtout, ils
1501 5342 4328 5602 négligeoient absolument le sens des paroles pour se livrer
1494 5565 4291 5774 à des recherches de toute espece. Témoin de cet abus, le
1483 5748 4355 5949 Pape Marcel II. qui regnoit en 1555 résolut, pour y remédier,
1494 5930 4328 6169 d'exclure entiérement la Musique de la célébration de l'office
1494 6169 4362 6388 divin: Au moment où cette résolution alloit être exécutée,
1505 6373 4280 6586 Palestrina, alors agé de 26 ans, se présente et dit que si
1486 6582 4224 6753 sa Sainteté veut bien y consentir, il espére lui faire
1494 6791 4306 6981 entendre une Messe d'un nouveau style qu'il croit convenir
1483 6969 4302 7178 parfaitement à l'Eglise. le Pape ayant accueilli sa demande, il
1471 7174 4317 7413 fait exécuter devant lui une Messe à six voix, depuis nommée la
1483 7383 4325 7610 Messe du Pape Marcel, et cette composition parut si belle,
1471 7554 4328 7796 et si noble, que ce Pontife renonçant à son projet, le chargea
1490 7767 4280 7998 lui même de travailler pour sa Chapelle Le Pape Paul IV
1501 7979 4280 8236 qui succeda à Marcel, dont le pontificat ne dura que 22
1501 8158 4276 8448 jours, continua Palestrina dans les mêmes fonctions : En
1490 8355 4317 8638 1562 il fut nommé maître de Chapelle de Ste. Marie Majeure,
1479 8590 4250 8832 et en 1571, il succéda à Animuccia en qualité de Maître
1471 8821 4261 9029 de Musique de St Pierre.Il remplit tous ces emplois
1464 9026 4295 9227 d'une maniere on ne peut plus distinguée, et sa réputation
1464 9227 4284 9454 de supériorité s’établit si bien, qu’en 1592, quatorze des
1460 9435 4280 9704 plus-célebres compositeurs du temps, publierent sous ses
4694 1673 7506 1978 Lillustre Palestrina, uno dei creatori deli harmonia,e capo dell
4574 1911 7495 2187 antica schola Romana, nacque nell’anno 1529 a Palestrina, anti-
4552 2149 7502 2347 =camente Prenesto, piccola città de lo stato Romano, d’onde
4600 2354 7431 2529 viene chei Biographi moderni L'hanno tal volta chiamato il
4574 2544 7476 2760 Prenestino, fecei suoi studi della scienza musicale sotto il
4582 2734 7484 2969 celebre Gaudimelli di Besanzone, uno de gli Excellenti maestri
4574 2961 7569 3189 dell'antica schola Francese, originaria della Fiamminga la pri
4515 3136 7510 3371 amache fiori nella rinascenza delle arti, è che puol riguarda rsi
4574 3345 6273 3580 come la madre di tutte le moderne.
4682 3524 7491 3747 Malgrado cli'ei fosse nato da parenti oscuri e poveri, L'alteaza e
4556 3691 7480 3945 l’Eccellenza del suo Genio molto non tardò a metterlo nel primo
4563 3952 7506 4224 rango degli autori i piu scientifichi; cuna circostansa particolare
4563 4135 6407 4355 servi non peco alla sua illustrazione.
4682 4343 7480 4537 Verso la metà del XVI secolo i contrapuntisti avendo portato
4556 4537 7480 4764 nel grado il più eminente L'invenzione della fuga et de i Canoni,
4582 4757 7506 4973 abusavano di questa arte a segno ditormentare senza aleun ri¬
4544 4973 7510 5144 ¬guardo le parole sacre ehe mettevano in musica, facendole solamente
4563 5152 7502 5349 servire a i loro artificiosi calcoli, e trascurandone il vero senso
4533 5349 7461 5561 Testimonio di questo misfatto, il Papa Marcello II regnante nel 1555
4552 5576 7498 5770 Risolse per portar rimedio a tanta Licenzia, di totalmente interdire
4567 5777 7487 5971 la musica nella celebrazione del divino officio. Ma nel mentre che¬
4571 5975 7476 6180 questa risolutione deveva eseguirsi, Palestrina, havendo allora
4544 6161 7450 6373 26 anni, si presentò al sommo Pontiffice, et offri di far sentire
4563 6373 7502 6545 una Messa dalui composta,dove lostyle Religioso cra scrupolosa-
4515 6582 7480 6746 mente osservato,il Papa accolle la sua propositione, la Messa a
4556 6739 7476 6977 sei voci fu eseguita, piacque; e di poi fu nominata la Messa del
4556 6969 7457 7163 Papa Marcello, questa composizione gliparve sibella e si
4556 7159 7476 7409 magnifica, che agevolmente rivocò la prima idea, e invitò Pales
4511 7353 7431 7580 :trina a componere per la Capella Papale. Paol IV, successore
4567 7558 7405 7804 di Marcello,gli continuò l'Ecercizio delle medesime
4533 7748 7428 7998 fonzioni, nell’ anno 1562 fu fatto maestro di Cappella
4544 7953 7439 8221 di Santa Maria Maggiore; enel 1571. successe a Animucia
4552 8158 7439 8430 in qualità di maestro di Cappella di St Pietro di Roma
4544 8392 7487 8638 riempi con molto fervore e distinzione tutte queste diffe
4511 8620 7450 8821 renti Cariche : e la di lui Riputazione fu cosi superiore e
4541 8806 7461 9029 cosi bene stabilita, che nell’ anno 1592 quattordici de i piu
4541 9007 7446 9257 celebri maestri del tempo publicarono sotto i di lui auspici
4526 9227 7457 9424 una Raccolta di salmi a cinque voci, tutti composti secondo
4522 9421 7461 9670 il suo Stile, al fine, topo avere arriochito la chiesa d'una
