8533 11267
1208 1383 4015 1661 auspices un recueil de psaumes à cinq voix,composés dans
4267 1372 7092 1723 grandissima quantita delle di lui produzioni, tutte capi
1194 1621 4008 1920 son style. Enfin après qu'il eut enrichi l'Eglise d’une
4249 1635 7165 1876 d’opera; mori, nell’anno 1592.il 2 del mese di febbraro,
1204 1854 3997 2073 multitude immense de chefs doruvre, il mourut en 1592, le
4260 1869 7176 2102 nell’cta di 59 anni, le sue ossequie celebrate furono con
1186 2051 4052 2307 2 fevrier, à l'age de 59 ans. Ses funérailles furent célébrées
4260 2029 7180 2274 molta Pompa ; un grand concorso di popolo L'accom
1197 2245 4037 2493 avec pompe; un concours immense de peuple accompagna son
4241 2226 7150 2508 =pagno alla sepoltura; come ancora tutti i musici, da i
1204 2435 4008 2675 convoi; tous les musiciens,qui le régardoient comme leur
4260 2438 7194 2719 quali era riguardato comme il loro maestro, e donno.Una
1194 2646 4004 2873 maitre, s’y rendirent;on exécuta une Messe funebre de sa
4274 2661 7136 2909 messa funebre à trè cori, da lui composta, fu celebrata ed
1197 2854 4066 3092 Composition,à trois choeurs, et pour récompense de ses longs
4274 2858 7176 3077 eseguita in suo onore, e per riconpensa de suoi Lunghi ed
1204 3051 4030 3296 et brillans services, il eut l'honneur d’être inhumé dans
4274 3059 7161 3285 eminenti servizi, ebbe L'onore d’esser sepolto nella chiesa
1186 3263 4041 3497 l’Eglise même de St Pierre, aux pieds de l’autelde St. Simon
4256 3252 7125 3522 medesima di St. Pietro sotto L'altare dei Santi Simone
1215 3486 4022 3697 et St Jude, et l'on posa sur sa tombe l’Epitaphe suivante
4274 3504 7161 3716 e Giuda dove si legge ancora oggigiorno il seguente
6716 3661 6990 3895 Mij
3358 3668 3978 3902 V. r. F.
4256 3668 5763 3924 Epitaffio.
1190 3668 3000 3920 qui s'y voit encor aujourdhui.
6756 3858 7019 4070 3.
2329 3851 3172 4117 1 1/2 2/2.
3329 3822 6103 4110 Joannes Petrus Aloysius
3635 4099 3800 4219 1
2329 4026 3405 4314 G.C.F.P.S.
4727 4033 6318 4314 G. A. v. F. M.
3676 4110 6544 4486 PALESTRINA
2398 4260 3457 4519 proprie du tout
3654 4409 5522 4705 Musicae Princeps
2526 4475 3551 4705 Monsieur M r de mai-
5979 4446 6742 4723 décidées.
1292 4679 4044 4898 Palestrina doit être regardé comme un des Créateurs de
4387 4712 7150 4920 Devesi riguardare il Palestrina comme l’uno de creatori
1179 4898 4015 5081 l'art musicai ; Il est l'inventeur de cette branche du style
4256 4898 7172 5117 de l'arte musica, e il vero è che gli si deve l'inventione dello
1186 5117 3997 5322 de Chapelle, que dans les principes de Composition des
4278 5092 7114 5318 stile a Cappella, fugato, ma nobile, senza tormentare le
1197 5260 4059 5497 Ecoles d’Italie, nous avons nommé style à Capella fugué.
4267 5314 7158 5522 parole sacre,questo stile consiste a mettere sopra il Canto
1179 5493 3986 5694 Ce style consiste à prendre un sujet de plain-chant,et à le
4238 5471 7103 5734 fermo d’altre parti, praticando le immitationi e tutte le
1197 5701 3989 5906 développer par une suite d'imitations bien modulées. On
4289 5712 7161 5924 specie de Contrappunto fiorito e doppio, ed a incatenarlo
1201 5891 4048 6103 en voit un grand nombre d’exemples dans l'ouvrage dont nous
4274 5884 7136 6117 con sapienti ma savie modulationi, comme se ne vede
1204 6117 3997 6355 venons de parler. Ce qu'il y a de remarquable, c'est que
4252 6103 7161 6307 L'effetto nelle sue ammirabili opere da chiesa, è vera-
4219 6307 7125 6512 mente da maravigliarsi in pensare che essendo lui il
1186 6329 4000 6519 créateur de ce genre, ill a en meme temps perfectionné; ensorte
1186 6490 3986 6731 qu’il a servi de modele à tous ceux qui sont venus après
4241 6482 7161 6701 creatore di questo genere, l'abbia in medesimo tempo condotto
4249 6712 7165 6982 a tal perfezione, che à servito a tutti di Esempio senza
1168 6698 4015 6972 lui, et dont aucun ne l'a jamais égalé. Aussi est-il en quelque
4256 6917 7048 7180 aver mai trovato il suo pari. si puol direche questo
1179 6891 4004 7114 sorte son domaine, et c'est avec raison qu'on l'appelle le style à
4278 7088 7077 7329 genere e il suo vero dominio ; e con Ragione viensi
1168 7103 3975 7366 la Palestrina. Rien de plus noble et de plus grand que ce
4260 7307 7143 7588 detto da tutti, Stile alla Palestrina cioe, nobile
1172 7289 3982 7559 style, rien de plus agréable en même temps, lors qu'il est
1179 7508 3986 7731 exécuté avec goût et intelligence. Plus de deux siecles se sont
4256 7523 7118 7749 Grandioso, puro, e sapiente più di due secoli sono
1175 7764 3989 7942 écoulés depuis la mort de ce patriarche de l'harmonie, et
4256 7698 7074 7953 digià scorsi, e sempre in Roma, e nelle principali
1175 7957 4015 8176 ses belles compositions s'exécutent encore tous les jours
4260 7942 7139 8161 chiese d’Italia si Cantano L'opere sue, che parte
1179 8183 3978 8388 à Rome, et dans les principales Eglises d’Italie.Tous ses
4256 8165 7118 8362 stampate, parte manuscritte si trovano in Italia reli
1161 8344 4022 8552 ouvrages, soit imprimés; soit manuscrits, subsistent encore
4238 8351 7088 8578 giosamente conservate. Vedasi qui L'appendice d'una
1194 8541 3927 8764 en Italie. Voici la note de quelques uns des plus connus.
4238 8545 6099 8793 parte di queste productioni.
4387 8745 5468 8979 1° Opere.stampate.
1263 8734 2511 8994 1.° Ouvrages imprimés.
1226 8939 3256 9158 I. Messe du Pape Marcel, Rome, 1555
4406 8935 6289 9180 I. Missa Papa Marcelli Roma 1555
1197 9110 3862 9370 (2..13)XII.Livres de Messes a 4.5.6.7 et 8 voix à
4344 9121 6986 9443 (2. 13)XII. Libri missarum. 4:5:6.7et 8 vocusse
4227 9359 5847 9632 Roma et Venetus à 1554.1601
1161 9340 3011 9651 Rome et Venise,depuis 1554-1601.
