6629 10254
1728 2176 4463 2691 Bach’s Magnificat.
1179 3694 5299 4059 Obschon nicht in Abrede gestellt werden kann, dass
858 4015 5266 4292 die Theilnahme an den Voralwerken Bach’s in den letz¬
869 4258 5272 4530 ten Jahren zugenommen hat, ist dieselbe, dem wirklichen
903 4480 5299 4740 Werthe dieser Kunstschöpfungen gegenüber, doch nur als
869 4735 5283 5011 eine schwache und vereinzelte zu bezeichnen. Die Gründe
853 4995 5261 5294 für dieses mangelnde Interresse mögen theils in den techn¬
847 5244 5299 5554 nischen Schwierigkeiten, die hier überwunden sein wollen,
858 5499 5310 5803 theils in der skizzenhaften Form, in der Bach diese
886 5742 5310 6030 Werke der Nachwelt hinterliess, theils, und dies dürfte
880 5992 5288 6291 wohl hauptsächlich zu betonen sein, in der etwas an¬
875 6274 5272 6562 spruchsvollen Gewohnheit des heutigen Publikums, musi-
864 6518 5294 6817 kalische Leistungen wesentlich unter dem Gesichtspunkte
880 6789 5266 7044 eines unmittelbar wirkenden sinnlichen Genusses zu betrach-
858 7010 5238 7265 ten, liegen. Die Ansicht, was nicht alsbald „verstanden“
864 7243 5305 7531 werden kann, für unzulänglich und verfehlt, dem Wesen
864 7498 5288 7824 der wahren Kunst widersprechend zu halten, ist leider
869 7747 5283 8074 eine so weit verbreitete und durch tausenderlei dieser
858 8007 5288 8251 seltsamen Forderung gemachte Zugeständnisse scheinbar
908 8240 5310 8533 gerechtfertigte, dass man sich über geringe Theilnahme
875 8511 5288 8899 an Werken, die nur durch die ernsteste und selbst¬
