6567 10200
3140 582 4089 1159 1.° 4 60
1415 1082 5864 1476 verleugnendste Hingabe zu erfassen sind, eigentlich kaum
1404 1476 5864 1742 wundern sollte. Seinerseits will Niemand der Kunst etwas
1426 1670 5864 1986 entgegentragen — er will von ihr nichts als zerstreuendes
1459 1925 5853 2252 Vergnügen haben. Kommt nun noch dazu, dass sich die
1426 2230 5858 2563 musikalische Journalistik zu Bach’s Kirchencompositionen
1431 2469 5864 2735 im Allgemeinen so gut wie völlig schweigend verhält,
1437 2691 5869 3023 dass, vielleicht die Matthäus-Passion und die h-moll
1426 2946 5830 3223 Messe ausgenommen, kaum eine der unzähligen derar-
1442 3179 5864 3484 tigen Hervorbringungen des Meisters eine erschöpfendere
1431 3428 5864 3756 und die Aufmerksamkeit grösserer Kreise auf sich lenkende
1431 3689 5836 3994 Besprechung erfuhr, so tritt jene oben berührte Theil¬
1437 3966 5853 4249 nahmlosigkeit sogar mit einer gewissen Berechtigung auf.
1431 4177 5836 4460 Ein Jeder glaubt nun annehmen zu dürfen: „was die heu¬
1431 4449 5864 4804 tige Kunstkritik so ganz unbeachtet lässt, kann unmöglich
1437 4710 5603 4971 den wahren Bedürfnissen der Gegenwart entsprechen
1459 4943 5836 5270 wir überlassen desshalb die Theilnahme an Bach’s Voca¬
1459 5192 5808 5475 werken besser den sogenannten „Kennern und Gelehr¬
1442 5470 5847 5747 ten;“ für die soll sie der alte Herr ja meist geschrieben
1426 5708 5869 6080 haben — die mögen sich an ihnen nach Herzenslust
1442 5952 2147 6291 erbauen!’
1892 6152 5858 6535 Es liegt nicht in unserer Absicht, die Gründe,
1448 6485 5858 6762 welche diese eigenthümliche Stellung der Kunstkritik
1426 6724 5620 7045 zu den in Rede stehenden Objecten erklärlich macht
1437 6968 5858 7267 schwerlich würden sie zu einer Heiligsprechung derselben
1437 7212 5875 7484 führen — specieller auseinander zu setzen, es genügt
1459 7489 5864 7772 völlig zu constatiren, dass nach dieser Seite hin das
1431 7711 5836 8027 Publicum im Grossen und Ganzen des ihm so noth¬
1442 7955 5836 8255 wendigen Hinweises, dessen vermittelnde und ausglei¬
1431 8238 5853 8504 chende Wirkungen bald genug zu Tage treten würden,
1448 8465 5830 8854 bisher entbehren musste. Gern geben wir uns der Hoff¬
