6546 10263
2578 682 3539 1152 1.° 5 60
805 1090 5301 1498 nung hin, es möchten sich dazu Berufene endlich bereit
805 1443 5261 1728 finden lassen, dem grossen Todten eine alte und
822 1744 5233 2002 schwere Schuld abzutragen und damit der künftigen Bil¬
828 1946 5239 2276 dung Elemente zuzufuhren, die sicher vom segensreich¬
811 2203 2997 2544 sten Einflusse sein werden.
1280 2449 5284 2796 So wenig wir nun auch dazu Beruf und Fähigkeit
828 2723 5267 3019 in uns zu erblicken vermögen, den zuletzt berührten
844 2969 5245 3271 Uebelständen nachdrücklicher begegnen zu können, halten
839 3226 5256 3517 wir es doch für Pflicht, die öffentliche Meinung auf ein
850 3467 5267 3729 Werk zu lenken, das bisher vergeblich der Feder harrte,
828 3746 4160 4048 die es den Menschen warm ans Herz legte.
1264 3964 5256 4266 Zwar trug sich bereits seit geraumer Zeit die Sage
833 4216 5261 4523 von der Existenz desselben und man redete von ihm
822 4518 5261 4764 auch mit grossem Respekt — aber bekannter war es
828 4708 5256 4999 desshalb nicht um ein Jota geworden: wie früher die
822 4948 5222 5267 h - m oll Messe als eine der tiefsinnigsten und grossartig¬
828 5205 5267 5496 sten Leistungen Bach’s galt und dem ohngeachtet ihr
822 5451 5289 5742 ruhiges Traumleben in der Partitur ungestört fortsetzen
850 5748 5301 6022 konnte, ebenso lief seit Jahren ein dunkles Gerücht von
839 5971 5306 6257 einem berühmten Magnificat des Meisters. Vielleicht
828 6223 5256 6525 mag auch hier jener unbegreifliche Instinkt gewaltet haben,
855 6497 5295 6782 der das Menschengemüth geheimnissvoll dem Bedeutenden
839 6726 5267 7034 zuzieht, dessen wahres Verständniss nach und nach vor-
855 7000 1498 7274 bereitet.
1286 7196 5295 7537 Bach’s Magnificat ist eine von den wenigen
855 7464 5301 7772 seiner Kirchencompositionen, die schon vor den Ausgaben
844 7710 5267 8012 der Bach-Gesellschaft dem Publicum gedruckt vorlagen.
883 8012 5284 8264 W. Rust theilt uns in seiner trefflichen Vorrede zur
850 8242 5289 8532 ersten Lieferung des 11. Jahrganges der Werke Seb.
867 8465 5261 8879 Bach’s mit, dass es bereits im Jahre 1811 (bei Simrock)
