6558 10246
3070 640 4015 1079 6 6 6-
1335 1057 5806 1524 in Partitur erschien. Freilich weicht diese Edition von der
1357 1424 5784 1724 der Bach-Gesellschaft in nicht unwesentlichen Punkten
1368 1707 5784 2002 ab. Sie zeigt eine andere Tonart, statt d-dur, es- dur
1357 1930 5773 2241 und lässt ausserdem Nichts von den Veränderungen wahr¬
1340 2202 5789 2497 nehmen, die offenbar von der später bessernden Hand des
1346 2436 5789 2753 Meisters herrühren. Selbstverständlich legen wir nicht
1357 2703 5750 2975 diese, sondern die von der Bach-Gesellschaft veröffent¬
1346 2959 5734 3237 lichte Partitur des Magnificat den nachfolgenden Unter¬
1346 3175 5767 3492 suchungen zu Grunde, wobei wir, Rust folgend, die
1368 3442 5784 3726 verschiedenen Einlagen Bach's von dem Werke selbst
1346 3682 5761 3976 trennen und sie als nicht in unmittelbaren Zusammen¬
1335 3937 3982 4271 hange mit ihm stehend betrachten.
1780 4160 5761 4488 Der Text des Magnificat ist jener bekannte Lob¬
1390 4477 5778 4749 gesang der Maria aus dem Evangelisten Lucas Cap. 1,
1368 4744 5728 5000 Vers 46 — 55: „meine Seele erhebet den Herrn u. s. w.“
1346 4972 5789 5211 Obschon die Bibel diese Worte nur einer Persönlichkeit
1357 5205 5773 5500 in den Mund legt, wurden sie doch wohl in Folge ihres
1329 5456 5789 5706 allgemeineren Inhaltes und der trefflichen Contraste, die
1340 5700 5784 6001 sie der musikalischen Behandlung boten, schon von den
1340 5967 5767 6229 Componisten der altitalienischen Schule für eine grössere
1363 6190 5745 6501 Kunstform, in welcher Einzelngesänge mit Chören wech-
1329 6468 5778 6746 selten, benutzt. Bach hat sich diesem Vorgange in
1346 6701 5773 7007 seinem Magnificat angeschlossen: es liegt uns in einer
1329 6979 5750 7302 Reihe von 12 Nummern vor. Zunächst wollen wir ver¬
1340 7191 5761 7513 suchen, jede einzelne derselben einer besondern Betrach¬
1346 7469 5750 7736 tung zu unterziehen und dann später das Werk als Gan¬
1329 7713 3531 8030 zes aufzufassen bemüht sein.
1780 7964 5778 8242 Die erste Nummer, ein Chor in d-dur ¾ Takt,
1335 8158 5734 8498 behandelt die Worte: „Magnificat anima mea Dominum..
1324 8470 5767 8820 In einem weit ausgeführten Vorspiele exponirt der Meister
