6575 10238
2530 595 3498 1140 1.° 7.60
806 1029 5239 1451 die Grundstoffe, welche späterhin durch den Vocalsatz zur
806 1429 5222 1713 bewussteren Erscheinung gebracht werden. Das Orchester
812 1685 5228 1941 umfasst in seiner für die damalige Zeit reichen und glän¬
784 1941 5228 2186 zenden Besetzung das Streichquartett, 2 Flöten, 2 Oboen,
801 2186 5216 2480 3 Trompeten, Pauken und, wie in den meisten der Bach’-
773 2430 5233 2719 schen Kirchenwerke, die Orgel. Sämmtliche Partien sind
784 2692 5228 2998 äusserst selbstständig gehalten und gruppiren sich zu drei
784 2914 5183 3253 verschiedenen Chören in dem Streichquartett, den Holz¬
779 3231 5211 3498 blasinstrumenten und den Messingbläsern mit den Pauken.
767 3470 5183 3720 Die Orgel, von der aus Bach die Kirchenmusik bekannt¬
767 3720 5228 4004 lich zu leiten pflegte, musste sicher sehr verschiedenen
773 3976 5216 4243 Absichten dienen: hier unterstützend, dort vorherrschend,
779 4171 5222 4510 hier ausgleichend, dort vermittelnd war sie in der Hand
784 4466 5205 4733 des Meisters hauptsächlich das Werkzeug, mit dem er
767 4677 5172 4972 seine persönlichen Einflüsse zur Geltung zu bringen ver¬
767 4927 5239 5272 stand. Es kann nicht genug beklagt werden, dass uns
801 5189 5222 5489 Bach — was hier nebenbei bemerkt sei — zu seinen
790 5456 5216 5761 Kirchenstücken keine ausgeführte Orgelstimme hinterlassen
773 5695 5205 5995 hat: mit ihr würden wir sie nicht nur in ganzer Vollendung
773 5934 5228 6262 besitzen, sie würde uns vielmehr noch Ausdrucksformen
801 6217 5222 6496 offenbaren, von deren Tiefe und Bedeutung wir kaum eine
784 6484 5228 6757 schwache Ahnung haben dürften! Wer da weiss, mit
801 6696 5250 6963 welcher unerhörten Meisterschaft Bach dies Instrument
790 6968 5205 7219 behandelt hat, wird diese Behauptung gewiss nicht über¬
779 7213 1885 7530 trieben finden.
1235 7463 5205 7780 In jenen erwähnten drei Instrumentalgruppen ent-
801 7669 5233 8053 wickelt sich nun auf die ungezwungenste Weise eine ent¬
806 7969 5200 8281 sprechende Anzahl von Motiven, mit welchen der Ver¬
773 8208 5216 8537 lauf der Nummer bestritten wird. Das schwunghafte,
795 8481 5228 8876 elastische Hauptmotiv tritt zuerst in den Oboen auf;
