6613 10258
3169 620 4161 1091 1.° 8 60
1451 975 5878 1479 ihm gesellt sich ohne Weiteres ein Begleitungsmotiv, das
1429 1391 5872 1662 die Trompeten bringen, bei; aus diesem wieder entwickelt
1435 1662 5861 1967 sich endlich ein kurzes Seitenmotiv, dem innerhalb der
1463 1922 5867 2188 späteren Ausarbeitung eine äusserst bewegliche, viel-
1479 2166 5883 2421 geschäftige Aufgabe zugetheilt wird. Bach pflegt seine
1485 2432 5889 2687 Themata so zu erfinden, dass sie die verschiedenartigsten
1485 2643 5883 2997 Umstellungen und Versetzungen erlauben, mithin nach den
1474 2886 5889 3158 Regeln des 2, 3, 4 und 5 fachen Contrapunktes geschrieben
1463 3163 5861 3474 sind. Ausserdem liegt in ihnen eine rhythmisch-melodisch
1468 3418 5850 3690 harmonische Schwungkraft, die von vornherein jenes erhe¬
1463 3690 5906 3944 bende Gefühl hervorruft: es werde hier Alles durch sich
1463 3933 5917 4233 selbst, durch den den Stoffen inwohnenden Trieb vollzogen
1479 4155 5917 4482 und die ordnende Meisterhand trete nur leitend auf, um
1474 4393 5019 4720 vor willkührlichen Ausschreitungen zu wahren.
1900 4659 5911 4953 Nach einer Ausweichung in die Dominante kehrt das
1501 4931 5900 5202 Vorspiel, sein Hauptmaterial eng concentrirend, zur Tonika
1474 5163 5850 5507 zurück, in der es nun vollständig abschliesst. Die Sing
1474 5462 5911 5773 stimmen, 2 Sophrane, 1 Alt, 1 Tenor und 1 Bass, ergreifen
1474 5656 5917 6005 darauf zweistimmig und ohne Instrumentalbegleitung einen
1479 5944 5895 6255 Theil des Hauptmotives, das alsbald in voller Gestalt vom
1479 6177 5889 6471 Orchester wieder aufgenommen wird, welches die erste
1485 6421 5917 6753 Hälfte des Vorspiels Note für Note repetirt. Wir erwähnten
1468 6676 5872 7019 schon oben der ausserordentlich selbstständigen und poly¬
1485 6914 5911 7296 phonen Haltung der Instrumentaleinleitung und doch ist es
1479 7224 5906 7507 Bach noch möglich geworden, in dieselbe nun einen fast
1485 7407 5911 7728 völlig neuen 5 stimmigen Vocalsatz hineinzuschreiben!
1501 7701 5878 8016 Wäre der grosse Meister bei seinem unerschöpflichen Reich¬
1479 7911 5883 8266 thume nicht zugleich ein ebenso unerreichbares Muster
1463 8238 5889 8521 edelster Einfachheit — schwerlich würde es haben gelingen
1474 8410 5640 8825 können, dergleichen Wagnisse ungestraft auszufuhren.
