6579 10225
2496 577 3462 1065 9 60
799 1021 5237 1426 Wie ist es nun aber unserem Ohr möglich, eine solche
793 1409 5226 1709 Vielstimmigkeit zu fassen, alle die verschiedenen Gänge
766 1686 5198 1947 und Wendungen im wirbelnden Vorüberschweben als
788 1925 5220 2225 Einheit zu begreifen? Wir erlauben uns hierüber einige
766 2158 2230 2491 andeutende Worte.
1159 2408 5220 2702 Nach unserem Dafürhalten kommt es nähmlich bei
777 2685 5187 2957 Bach viel weniger darauf an, das sogenannte Stimm¬
799 2924 5204 3218 gewebe in allen Details zu verfolgen: wie in einem Rome
788 3179 5204 3456 die unzähligen Einzelnheiten und Verzierungen nur dazu
777 3428 5209 3733 dienen, dem grossen Ganzen Leben und Bewegung zu
810 3695 5231 3989 geben, nicht aber die Aufmerksamkeit des Beschauers
788 3917 5231 4188 von ihm abzulenken, ebenso möchte es sich mit der
782 4172 5226 4444 Bach’schen Polyphonie verhalten. Bach’s Harmonie¬
777 4421 5198 4721 folgen entfalten sich meist in grossen, breiten Verhält¬
782 4693 5215 4959 nissen — die Grundbässe weisen es deutlich genug
771 4954 5204 5198 nach —; diese grossen Gruppen löst er durch melodisch
782 5192 5215 5503 fliessende Stimmführung scheinbar in kleinere auf, wodurch
777 5459 5237 5731 eine Menge Nebenharmonien entstehen, die geschäftig hin
788 5681 5209 6019 und her drängen. Wer nun diese flüchtig vorüberschwe¬
788 5991 5226 6235 benden Wesen zu verfolgen suchen wollte, würde daran
777 6158 5237 6513 scheitern, dass, ehe noch das eine abgeschlossene Form
771 6441 5209 6724 erhalten hat, schon das andere hervordrängt, um eben so
788 6712 5204 6973 schnell einem Dritten zu weichen, dass alles Einzelne
771 6973 5204 7289 dem Ohre zu entschlüpfen scheint. Die wahre Bedeutung
777 7228 5209 7517 des Details, wie des Ganzen geht verloren, wollte man
771 7484 5187 7755 Bach so hören. Man muss vielmehr jene grossen Ver¬
766 7705 5204 7988 hältnisse aufzufassen, sie innerlich in sich nachzubilden
760 7983 5209 8216 suchen und von dieser festen Basis aus mit sicherem
771 8188 5209 8510 Blick in jenes scheinbar verworrene, in Wahrheit aber
743 8471 5187 8854 höchst kunstreich, organisch entwickelte Gewirr der ein¬
