6608 10254
3102 556 4176 1056 op 10 60
1418 967 5860 1396 zelnen Stimmen hineinsehen lernen. Dann werden die
1423 1396 5866 1646 Einzelnheiten, in denen an jeder Stelle der Schwerpunkt
1396 1624 5849 1885 liegt, die das entscheidende Wort zu reden haben, die
1407 1896 5877 2202 die hauptsächlichsten Träger der künstlerischen Absicht
1407 2157 5860 2441 sind, ohne Schwierigkeit wie von selbst heraustreten und
1412 2363 5832 2658 das, was nur stützen, die musikalische Gestaltung nur
1412 2652 5860 2936 stilvoll abrunden soll, wird keine störende und beirrende
1462 2880 5849 3153 Wirkung mehr üben. Das Geheimniss der Bach’schen
1396 3147 5827 3419 Stimmführung beruht in der engen Beziehung jeder ein¬
1401 3397 5821 3670 zelnen Stimme zum Ganzen — ganz entsprechend muss
1407 3658 5821 3981 das Verständniss in erster Linie die Entwicklung des
1412 3909 5832 4170 Ganzen im Auge behalten und durch diese sich über
1407 4164 5849 4442 das Einzelne zu orientiren suchen. Selbst der Musiker
1418 4431 5821 4748 wird bei dem eindringendsten Studium, hei dem Eingehen
1396 4670 5838 4943 auf die kleinsten Details, dies nicht äusser Acht lassen
1390 4882 5827 5232 dürfen, wenn er nicht Bach misszuverstehen Gefahr
1396 5165 2285 5460 laufen will.
1851 5432 5827 5732 Unser erster Chor entwickelt sich nun, trotz der
1384 5660 5838 5944 reichsten Fülle und Mannigfaltigkeit wesentlich in den
1407 5905 5805 6199 einfachsten Formen. Zunächst wird die Hauptdomi¬
1396 6211 5844 6472 nante herbeigeführt, von der aus der weitere Verlauf
1401 6450 5855 6739 die Seitenrichtung nach der Paralleltonart nimmt. Von
1396 6666 5844 6950 ihr biegt die Modulation ungezwungen nach der To¬
1401 6978 5832 7239 nika zurück, berührt noch flüchtig die Unterdominante,
1418 7167 5821 7478 um zuletzt in der Tonika voll abzuschliessen. Zierliche
1401 7411 5799 7706 melodische Cadenzen bezeichnen die Endpunkte der Haupt
1412 7695 5855 8012 tonarten und geben den grossen, majestätischen Formen
1418 7934 5832 8212 einen zarten, lyrischen Anhauch. Nachdem der VocaI-
1412 8184 5827 8462 satz zu Ende, tritt das Orchester wieder mit einem
1418 8418 5860 8763 selbstständigen Nachspiele auf, das der zweiten Hälfte des
