6575 10250
2383 612 3441 1158 2.° 11 c.
729 1086 5133 1481 Vorspiels entnommen ist. Man sieht, wie einfach und
702 1459 5111 1776 übersichtlich Bach seine Grundverhältnisse zu bilden weiss!
696 1726 5144 1988 Glänzende Pracht und jubelnde Freude, die sich in den
685 1982 5117 2294 anmuthigsten Tonverschlingungen begegnen, sind die
685 2199 5133 2494 Haupteigenschaften der ersten Nummer. In trefflicher
674 2466 5128 2739 Spannung bereitet sie das Nachfolgende vor und ist
685 2745 5083 3040 gleichsam der festlich geschmückte Eingang zum Tempel,
690 2945 5111 3240 in welchem Lob- und Danklieder der Macht und Gnade
679 3218 2316 3552 des Herrn erschallen.
1102 3513 5094 3775 Dem gegenüber bringt der nächste Satz ein solo,
696 3725 5105 4020 d-dur 3/8 Takt, das dieselben Stimmungen, denen der
679 3970 5072 4242 Chor breiten, gewichtigen Ausdruck verlieh, als Einzeln¬
696 4242 5072 4532 empfindung lieblich zurückstrahlt. Die Singstimme, ein zwei¬
674 4510 5094 4771 tercepran, behandelt die Textworte: „et exultavit spiritus
679 4710 5100 5016 meus in Deo salutari meo“ und wird vom Streichquartett,
679 4988 5128 5256 das hin und wieder die Orgel unterbricht, begleitet. Ein
685 5250 5111 5523 sanft aufstrebendes Motiv, von einer im leichten Spiel
679 5462 5128 5807 dazwischentretenden Bassfigur secundirt, welche sich in
674 5757 5078 6018 erweiterter Ausführung später der ersten Violine zier¬
674 6002 5100 6286 lich mittheilt, bestreitet fast ausschliesslich die Ent¬
690 6247 5117 6508 wicklung dieses weichen, milden Arioso. Es rundet sich
674 6481 5094 6770 hier Alles so zum schönsten Ebenmass der Formen ab,
679 6809 5139 7076 dass die Nachsätze wie von selbst aus ihren Vordersätzen
663 7015 5117 7305 zu fliessen scheinen. Nur der lauteren Reinheit eines
729 7277 5111 7522 jungfräulichen Herzens konnte eine solche kindlich-heitere
674 7505 5078 7778 Freude, die so völlig gegensatzlos und ungetrübt verläuft,
663 7733 1603 8051 entspringen.
1091 8006 5105 8284 Ganz anders verhält es sich dagegen mit der jetzt
646 8195 5111 8524 folgenden Nummer, einer Arie für den ersten Sopran
651 8507 1308 8891 h-moll
1414 8524 5094 8897 4 Takt, der sich ein Chor im unmittelbarsten
