6671 10250
3211 632 4292 1115 12 6-
1508 976 5961 1425 Zusammenhange anschliesst. Der Solostimme sind die
1564 1408 5972 1713 Worte: „quia respexit humilitatem ancillae suae: ecce enim
1519 1658 5950 1963 ex hoc beatam me dicent“ — dem Chor deren Fort¬
1536 1924 5950 2201 setzung: „omnes generationes" zu Grunde gelegt. So
1508 2218 5972 2468 schlicht und einfach die Arie äusserlich disponirt erscheint
1797 2434 5950 2734 der Gesang wird nur von einer Oboe d’amore und der
1536 2662 5944 2944 Orgel begleitet — eben so tiefsinnig und erschütternd ist
1547 2900 5961 3183 ihr Inhalt. Bach begreift die Textworte nicht allein
1519 3199 5950 3460 innerhalb der Situation, in der sie auftreten, seine musi¬
1542 3388 5972 3760 kalische Auffassung regt offenbar weit über sie hinaus.
1547 3704 5955 3959 In der Maria erblickt er nicht nur die demüthige, niedrige
1536 3948 5978 4209 Magd, welcher so eben der Weltheiland verkündigt ist
1519 4170 5966 4442 und die sich dieses Glückes in seligem Frieden bewusst
1542 4436 5972 4785 wird — er sieht in ihr vielmehr mit dem Blick eines
1536 4697 5966 4968 Propheten jene Mutter-Gottes, deren Sohn die Sünden
1542 4941 5972 5229 der Welt in Knechtesgestalt tragen und sühnen soll.
1569 5196 5961 5478 Wie wäre sonst wohl der unheimliche, bange Klagelaut,
1547 5451 5972 5745 der wie ein dunkler Schleier über all der stillen Ruhe
1547 5700 5989 5983 und Ergebung lagert, zu erklären? Und noch mehr findet
1542 5983 5961 6266 sich diese mystische Auffassung Bach's bestätigt, wenn
1536 6233 5939 6526 man den Charakter des rasch einfallenden Chores, fis
1536 6432 5966 6732 moll 4/4 Takt, in’s Auge fasst. In wilder Hast stürzen
1547 6721 5978 6959 sich die Singstimmen in den abschliessenden Solosatz und
1547 6942 5978 7253 thürmen sich, wie von dämonischen Gewalten getrieben,
1542 7203 5955 7508 zu einer so colossalen Höhe des Ausdrucks, dass der
1553 7441 5961 7769 Gedanke, der Meister habe hier eine Welterschütterung
1536 7724 5972 7985 der unerhörtesten Art von ihrem fernsten Ausgangspunkte
1536 7968 5966 8279 her vergegenständlichen wollen, nahe genug liegt. Viel-
1547 8229 5989 8523 leicht umschwebten seinen tiefen Geist im Momente des
1542 8462 5978 8800 Schaffens die Worte Christi: „Ihr sollt nicht wähnen,
