6542 10225
2370 640 3433 1090 13 60
673 1085 5124 1430 dass ich gekommen sei, Frieden zu senden auf Erden.
695 1430 5141 1764 Ich bin nicht gekommen, Frieden zu senden, sondern das
684 1680 1402 2036 Schwert."
1107 1947 5141 2231 Das äusserst energische Thema wird zunächst vom
673 2187 5135 2459 Bass, um den sich der zweite Sophran, Alt und Tenor
712 2442 5146 2715 wirbelnd bewegen, ergriffen. Dann erfolgen die weiteren
701 2710 5108 2988 Eintritte des Themas, das stets eine mächtige, wild auf¬
718 2938 5163 3216 geregte Figur hinter sich herzieht, in halben Takten
684 3266 5141 3488 Schlag auf Schlag. Eine weit ausgreifende Requenz
695 3450 5158 3733 drängt es Ton für Ton aufwärts, um es endlich einen
695 3705 5169 4023 flüchtigen Ruhepunkt in der Paralleltonart, a-dur, finden
718 3967 5141 4240 zu lassen. Aber ohne Rast und Frieden toben die auf¬
768 4206 5174 4529 gewühlten Massen im neuen Anlaufe, der sich womöglich
729 4473 5163 4768 noch kühner und 6igantischer gestaltet, weiter, einem
712 4718 5174 5030 anderen Ziele, der Tonart der Dominante, eis - moll
718 4996 5141 5269 zutreibend. Bisher umbrauste die Singstimmen eine grol¬
740 5241 5158 5525 lende Bassfigur, die sich, jener Sequenz gehorchend,
734 5475 5163 5758 unwiderstehlich aus der dunklen Tiefe emporarbeitete.
723 5758 5158 6026 Plötzlich wird dem Continuo Halt geboten: heftige
740 5975 5185 6259 Orchesterschläge, den Dominantaccord von fis-moll auf
734 6259 5163 6537 dem ersten und dritten Viertel mit voller Kraft markirend,
740 6504 5202 6754 erfolgen und bilden so eine Art Orgelpunkt, über und in
757 6777 5152 7016 welchem jetzt das Hauptthema die fabelhaftesten Eng¬
746 6966 5141 7238 führungen zu Gehör bringt. Fünffache canonische Ver¬
746 7255 5202 7550 schlingungen im Einklang und in der Octave, die sich
734 7511 5185 7739 auf Viertelschlägen imitiren, drängen einer unheimlichen
751 7734 5197 7995 Fermate zu, die gewissermassen die entscheidende Krisis
746 7990 5197 8251 unseres gewaltigen Chores bildet. Denn nach ihr treten
762 8251 5169 8563 die Stimmen, dem Schlüsse rasch zueilend, in fast homo¬
768 8524 5197 8913 phoner Führung, wie zur festen Einheit verschmolzen,
