6604 10263
3229 654 4309 1097 op 14 Co.
1534 1008 5971 1484 auf — der Läuterungsprocess, wenn auch nach schweren
1523 1412 4104 1783 Kämpfen, ist an ihnen vollzogen!
2011 1656 5971 2022 Vor einigen Jahren sprach ich mich bereits in
1534 1922 5938 2188 einem Artikel, den die „neue Zeitschrift für Musik“
1529 2171 5960 2470 brachte, über die Symbolik Bach’s specieller aus; da nicht
1523 2426 5921 2736 vorausgesetzt werden kann, dass jedem Leser jenes Jour¬
1518 2681 5954 2991 nal zur Hand ist, so erlaube ich mir die Hauptpunkte
1518 2941 5699 3284 der damaligen Untersuchungen hiermit zu wiederholen:
1988 3163 5921 3478 „In seinen Kirchensachen kommt Bach eine Behand¬
1523 3451 5960 3717 lung der Formen zu Hülfe, die ihm eigenthümlich ist.
1518 3667 5943 4010 Die Form giebt ihm nicht nur die Mittel zur Darstellung
1540 3993 5954 4226 des Gegenstandes — er weiss auch noch eine besondere
1534 4193 5943 4442 symbolische Bedeutung hineinzulegen, die überkommenen
1518 4442 5921 4736 Formen dadurch zu heben, dass er ihre Grundverhält¬
1523 4680 5949 4985 nisse in Beziehung zum Gegenstande und dessen tieferer
1540 4952 5943 5223 Bedeutung zu setzen weiss. Ohne Bedenken kann man
1529 5245 5954 5500 es wohl als Regel hinstellen: je tiefsinniger Bach in
1512 5461 5938 5805 seinen formalen Combinationen auftritt, desto sicherer
1518 5722 5949 6021 lässt sich darauf rechnen, dass hinter dem ungewöhnlichen
1501 5971 5954 6264 Ausdruck ein ebenso überraschender Gedanke verborgen
1501 6231 5938 6486 liegt. Poetisches Eingehen in den Sinn der Worte wird
1512 6469 5938 6724 durchschnittlich rasch und sicher das Räthsel lösen. Eine
1495 6696 5938 7001 Menge von Fällen spricht für diese Thatsache — zum
1518 6962 5943 7223 Theil hat sie die Kritik bereits an’s Licht gezogen, zum
1512 7250 5926 7555 Theil liegt noch manches im Dunkel, das liebevolle Hin-
1518 7477 4542 7826 gebung früher oder später klären wird.'
1983 7704 5943 8026 Wer diesen Ansichten beizupflichten vermag, wird
1490 8003 5932 8269 auch in den oben mitgetheilten Auffassungen schwerlich
1495 8253 5949 8535 haltlose Hypothesen erblicken — in Wort und Note
1495 8474 5932 8868 finden sie ja die klarste Bestätigung. Obschon die
