6538 10250
2366 583 3416 1083 15 6.°
678 1111 5098 1488 meisten Interpretationsversuche, wie sie namentlich häufig
661 1461 5109 1716 an Instrumentalwerken geübt werden, ihr sehr Missliches
650 1683 5076 1966 haben und oft genug in den entgegengesetztesten An¬
655 1933 5109 2227 schauungen auslaufen — so erblickt der Eine in der
678 2233 5121 2488 Beethoven’schen A- dur-Sinfonie die Schilderung einer
650 2488 5109 2766 fröhlichen Bauernhochzeit, während der Andere sie für
672 2688 5098 3016 die grösste Tragödie seit König Lear hält — dürften
666 2949 5104 3232 derartige Untersuchungen bei musikalischen Kunstwerken,
666 3254 5109 3516 denen ein bestimmter Text zu Grunde liegt, nicht nur
678 3493 5121 3765 unbedenklich, sondern sogar nothwendig sein. Das Wort
683 3693 5121 3993 giebt dem Tone bestimmte Richtung und Sinn, es schützt
683 3971 5076 4249 durch die ihm inwohnenden Eigenschaften vor willkührlich
666 4226 5104 4504 allegorisirenden Ausschreitungen und wird viel leichter
678 4465 5059 4760 eine Vereinigung auseinandergehender Ansichten herbei
678 4715 5059 5093 führen, als sie bei Werken rein instrumentaler Art mög
661 4987 1272 5320 lich ist.
1139 5204 5109 5548 Doch zurück zum Magnificat! — Der wilden
694 5487 5082 5743 Unruhe der eben besprochenen Nummer tritt nun ein Bass,
672 5720 5115 6042 solo, a-dur ¼ Takt, mit den Worten: „quia fecit mihi
683 5987 5071 6281 magna, qui potens est, et sanctum nomen ejus“ — herr¬
666 6226 5104 6520 lich contrastirend gegenüber. Alles athmet hier warmen,
672 6487 5121 6792 innigen Dank für das Grosse, was der Herr an uns
700 6764 5115 7025 gethan und preiset seinen heiligen Namen. Die Oekono¬
683 7003 5132 7270 mie dieser Arie ist wahrhaft bewundernswürdig und dürfte
678 7275 5115 7514 leicht unübertroffen dastehen. Ein charakteristisches und
678 7514 5115 7803 ausdrucksvolles Motiv des Continuo, vier Takte bildend,
694 7814 5121 8064 wiederholt sich unausgesetzt in den verschiedensten Lagen
700 8025 5115 8281 und Intervallen durch den ganzen Satz. Zunächst lenkt
683 8270 5121 8536 es zur Dominanttonart, von der aus es in einem sanften
700 8536 5121 8853 Uebergange die Parallele, fis- moll, erreicht. Darauf
