6567 10267
3286 662 4342 1123 op 16 60
1607 995 6060 1457 wird man in die Mediante geführt, aus welcher die
1585 1418 5983 1735 Tonika wie neugeboren wieder hervortritt. Die Sing¬
1590 1685 6038 2035 stimme entnimmt ihre Stoffe theils diesem Thema, theils
1579 1902 6038 2263 bewegt sie sich in freien, selbstständigen Figuren, die
1596 2180 5983 2458 wie ein Dankopfer wallend über ihm emporsteigen, würde
1590 2407 6033 2680 voll und ruhig einher. Die edle Form ihrer Cantilene
1596 2713 6038 2969 giebt uns erwünschte Gelegenheit, einige Bemerkungen
1585 2947 5999 3247 über Wesen und Art des Bach’schen Gesanges hier ein¬
1607 3186 2407 3475 zuschalten.
2024 3425 6021 3747 Es ist eine ziemlich weit verbreitete Ansicht, dass
1585 3670 6016 3964 Bach seine Singstimmen vorwiegend instrumental behandle:
1596 3953 6038 4242 „er sei ausschliesslich Orgelspieler gewesen und habe den
1557 4176 5983 4487 hier gebräuchlichen Stil auch auf den Vocalsatz aus¬
1573 4470 6005 4754 gedehnt," hört man oft behaupten. Ist es schon an und
1551 4687 6005 5032 für sich etwas voreilig, einem grossen Künstler derartige
1573 4921 6005 5226 Missgriffe und Verirrungen zuzutrauen, so steht das
1562 5193 6010 5482 anderweitige Verhalten unseres Meisters mit einer so
1546 5443 6016 5721 leichtfertigen Annahme auch im direktesten Widerspruche.
1579 5710 5999 6016 Wenn Bach für die Orgel componirt, schreibt er nicht
1562 5977 5994 6255 claviermässig und ebenso umgekehrt; seine Art, die
1573 6216 5988 6477 Violine, das Violoncell, die Oboe, die Flöte — kurz alle
1551 6472 5983 6755 übrigen Instrumente zu behandeln, ist so charaktervoll
1557 6716 5999 6983 und mustergültig, dass es sich heut zu Tage Niemand
1557 6972 5960 7267 ernsthaft einfallen lässt, ihn hier meistern zu wollen.
1546 7200 5988 7495 Allerdings muthet er dem Material häufig das Aeusserste
1535 7456 5949 7762 zu, aber Unmögliches und Unausführbares wohl schwer¬
1551 7740 5966 8051 lich! Er kannte nicht nur die formalen Eigenschaften
1551 7990 5971 8251 der Instrumente auf das Genaueste, weit tiefer war er
1540 8212 5955 8540 noch in ihr eigenstes Sein und Wesen gedrungen. Wir
1546 8496 5966 8868 können uns hier auf vollgültige Autoritäten, wie die eines
