6488 10271
2320 675 3330 1155 17 60
625 1116 5064 1528 Joachim berufen, welche sogar behaupten, Bach wäre
636 1456 5081 1729 seiner Zeit z. B. in dem, was er der Violine bietet, weit
636 1696 5064 1980 vorausgeeilt: er habe im Geiste bereits alle Möglichkeiten
625 1963 5092 2220 späterer technischer Entwicklungen vorausgesehen und in
619 2203 5076 2493 Anwendung gebracht. Sollte er nun das Material, für
647 2443 5048 2744 welches er das Intensivste, was sein reicher Geist dich¬
619 2705 5103 2967 tete, schrieb, die Menschenstimme — sie ist ja auch in
630 2956 5036 3263 ihrer Art ein Instrument — weniger gekannt und unpas¬
636 3235 5064 3492 sender benutzt haben als verhältnissmässig Lebloseres,
664 3452 5053 3731 Unorganischeres? Hätte diesen Zweifel eine vernünftige
641 3715 5076 3999 Praxis nicht bereits längst gehoben, so müsste schon die
630 3960 5092 4228 aufgeworfene Frage an und für sich einigermassen scheu
641 4189 5092 4512 und bedenklich gegen solche Urtheile machen. Das
664 4456 5103 4724 Haupthinderniss, welches dem Sänger in der Bach'schen
641 4724 5081 4981 Cantilene entgegentritt, besteht wohl wesentlich in der
641 4964 5087 5248 herkömmlichen Gesangsmethode. Bach’s Vocalsatz ruht
653 5170 5098 5544 auf dem Boden der altdeutschen Musik, welche schon
647 5460 5103 5745 früh dem Worte selbstständigere Bedeutung gab und
664 5734 5098 6018 es zum eigentlichen Träger der Melodie zu machen
664 5951 5109 6258 suchte: in Eccard tritt der Gegensatz einer deutschen
664 6213 5126 6570 und italienischen Schule in diesem Sinne deutlich
641 6475 1255 6816 hervor.
1116 6738 5103 6994 Die nächste Nummer des Magnificat bringt ein
669 6961 5098 7251 Duett zwischen Alt und Tenor, e-moll 12/8 Takt, zu den
697 7217 5059 7457 Worten: „et misericordia ao progenie in progenies timen¬
680 7468 5115 7764 tibus eum." Auch hier bewährt sich Bach wieder als
669 7680 5098 7981 geistvollen Interpreten der Textworte und feinen Kenner
675 8004 5109 8283 des menschlichen Herzens. Die Barmherzigkeit und
680 8210 5115 8495 Gnade des Herrn in ihrer Rückwirkung auf die, welche
675 8455 5109 8829 ihn fürchten, ist in meisterhaften Zügen musikalisch
