6650 10271
3244 651 4304 1087 op 18 6-0
1556 1021 5998 1451 gezeichnet. Die Singstimmen werden vom Streichquartett
1904 1407 5992 1672 Violinen und Viola mit Sordinen, die ersteren noch
1589 1457 1788 1705 -
1561 1699 5975 1948 durch Flöten verdoppelt, — unterstützt. In dieser Ver¬
1561 1898 5975 2201 dopplung tauschen die Geigen und Flöten ihre glän¬
1561 2135 5998 2455 zenden und weichen Klangfarben aus, als wollte Bach
1561 2400 5981 2737 die zugleich erhebende und beschwichtigende Gewalt der
1595 2676 5986 2952 göttlichen Barmherzigkeit über das sich ihr zu wendende
1589 2919 5948 3173 Herz andeuten. Bei den Worten: „timentibus eum“
1556 3150 5964 3382 schweigt die Instrumentalbegleitung zumeist und über¬
1550 3393 5959 3702 lässt der Orgel die Begleitung. Die Schlusswendung
1567 3675 6003 3928 der Singstimmen ist von erschütternder Wirkung durch
1567 3912 4679 4171 staunenswerthe Kühnheit der Modulation.
1997 4221 5970 4458 Einen grandiosen Contract bildet der diesem milden
1567 4403 5975 4706 Duett folgende Chor. Sein weit ausgreifendes, macht-
1567 4684 5953 4955 volles Hauptthema, das majestätisch in einem Umfang
1567 4911 5975 5236 von anderthalb Octaven einherschreitet, bringt zunächst
1578 5181 5986 5457 die Worte: „fecit potentiam.“ Der sich nach allen
1567 5407 5909 5744 Seiten verbreitenden, unendlich beweglichen „potentia“
1545 5683 5909 5970 stellt Bach ein Motiv über die Worte: „in brachio suo
1578 5882 5959 6224 entgegen, das ein gegensätzliches und doch verwandtes
1567 6130 5920 6433 Clement, gedrungene, in sich ruhende und doch span-
1550 6400 5909 6698 nungsvolle Kraft zu verkörpern scheint. Das Haupt¬
1545 6676 5915 6963 thema, zuerst im Tenor auftretend, wird gleich von vorn¬
1534 6941 5926 7189 herein durch markige, rhythmische Schläge der übrigen
1539 7178 5953 7454 Singstimmen begleitet, denen sich das Orchester — aber
1534 7421 5931 7708 ohne Trompeten und Pauken —, sie in anderen Battuten
1523 7686 5937 7951 imitirend, zugesellt. Darauf ergreift es der Alt, während
1512 7940 5931 8188 der Tenor das schon oben erwähnte Gegenmotiv: „in
1512 8166 5931 8469 brachio suo“ entwickelt und die anderen Sing- und
1517 8436 5915 8789 Orchesterstimmen ihre kräftige rhythmische Bewegung
