6625 10258
2507 693 3522 1098 19 6.°
782 1143 5213 1520 fortsetzen. Das Thema wird jetzt dem zweiten Sepran,
793 1486 5197 1725 dann dem Bass, später dem ersten Sophran und schliess¬
771 1708 5230 2019 lich dem Orchester überwiesen. Die Singstimmen jedoch,
799 1963 5208 2202 welche es bereits ausführten, überlassen jene rhythmisch
799 2202 5175 2496 wirkende Figur mehr und mehr dem Orchester und neh¬
782 2446 5197 2751 men eine immer freiere Haltung in den reichsten contra¬
793 2718 5202 2995 punktischen Formen an, so dass kurz vor dem Eintritt des
793 2973 5202 3233 Hauptmotives im Orchester alle in völlig selbstständiger
793 3233 5197 3505 Bewegung begriffen sind. Mittlerweile haben sich zwei
776 3472 5208 3733 neue Nebenmotive zu dem Worte: „dispersit“ eingeführt,
776 3733 5208 4004 die es in malerischen Formen versinnbildlichen. Der Con¬
771 3971 5202 4271 tinuo stützt diesen wunderbaren Bau seinerseits in nur
782 4237 5213 4454 ihm eigenen Rhythmen, die gleichfalls dem Charakter des
771 4448 5208 4725 Ganzen trefflich entsprechen. Zuletzt bleibt das eine
782 4698 5213 4986 Nebenmotiv des „dispersit" allein auf dem Platze und
776 4942 5208 5269 treibt das zu ihm gehörige „superbos" plötzlich in
771 5208 2762 5541 schrillem Abbruch hervor.
1220 5469 5197 5763 Und hier tritt nun ein Fall ein, der uns zum ersten
776 5713 5180 5995 male Veranlassung bietet, Bach gegenüber ein beschei¬
782 6001 5213 6251 denes Bedenken zu äussern. Der Text der Velgata stellt
749 6217 5114 6517 nähmlich die Worte: „dispersit superbos mente cordis sui
776 6472 5180 6761 als zueinandergehörend hin und folgt darin nur dem grie¬
782 6744 5186 7022 chischen Originale. Bach dagegen trennt sie auf das
788 7010 5152 7288 Gewaltsamste, indem er bei dem Worte: „superbos"
776 7243 5186 7515 scharf absetzt und ihm nach einer grossen Pause in einem
760 7510 5180 7787 feierlichen Adagio die Worte: „mente cordis sui“ ent-
771 7737 5202 8037 gegenstellt. Vielleicht liess sich aber der Meister durch
776 8003 5197 8269 das nicht eben classische Latein verleiten, das „sui“ nicht
760 8247 5197 8502 auf „superbos,“ sondern auf Gott zu beziehen. Dann
749 8497 5208 8852 könnte er der ganzen Stelle möglicherweise den Sinn
