6646 10258
3198 559 4238 1090 20 6
1516 1007 5964 1461 beigelegt haben: „er zerstreuet die Hoffärtigen — mit
1521 1483 5925 1732 dem Hauche seines Mundes.“ Die Textworte so auf¬
1521 1676 5942 1975 gefasst, ist der musikalische Verlauf des Satzes nun ganz
1516 1970 5909 2257 gerechtfertigt und von vollendeter Schönheit. Wollteman
1516 2207 5936 2495 eine weitere Erklärung suchen, dann würde kaum Anderes
1527 2445 5920 2722 übrig bleiben, als Bach die Geschmacklosigkeit zuzu¬
1510 2733 5931 3010 muthen, „den Sinn der Hoffärtigen" mit den gewaltigsten
1510 2965 5942 3248 und erhabensten Ausdrucksmitteln der Kunst verherrlicht
1505 3203 5925 3491 haben zu wollen. — Wir messen uns in diesem Falle
1521 3447 5947 3718 jedoch durchaus keine Competenz bei und überlassen
1516 3679 5909 3983 dazu berufeneren Händen gern die gründlichere Unter¬
1494 3956 2185 4254 suchung.
1959 4155 5887 4487 Dem eben besprochenen Chore reiht sich ein Tenor
1488 4448 5925 4708 solo, fis-moll ¾ Takt, an, das in seinen Grundzügen eine
1527 4692 5892 4974 verwandte Stimmung zeigt. Es behandelt den Text: „de
1505 4935 5909 5239 posuit potentes de sede, et exaltavit humiles.“ Natür-
1494 5228 5920 5510 lich hat sich Bach auch hier die naheliegenden Gegen¬
1510 5455 5920 5726 sätze nicht entgehen lassen und weiss sie energisch und
1505 5671 4160 6019 charakteristisch genug darzustellen.
1909 5942 5914 6246 Die darauf folgende Nummer, ein Altsolo in e-dur
1770 6191 5914 6490 Takt, hebt sich wieder stark contrastirend ab. 2 Flöten,
1510 6512 5920 6744 der Continuo und die zuweilen einfallende Orgel begleiten
1516 6678 5909 7004 den Gesang zu den Worten: „esurientes implevit bonis
1494 6949 5914 7248 et divites dimisit inanes." Die Arie hat jenen Ausdruck
1494 7181 5898 7513 der Milde und Ruhe, der unser Gemüth so schön berührt,
1499 7447 5892 7718 ohne es durch Monotonie zu ermüden. Die Flöten bewe¬
1488 7696 5859 7989 gen sich meist in Sexten und Terzen, einen höchst eigen¬
1477 7961 5898 8238 thümlichen Rhythmus festhaltend und treten nur dann und
1488 8205 5914 8515 wann in sinnigem Spiel einander gegenüber. Meisterhaft
1461 8459 5887 8846 sind die Worte: „implevit bonis" und dann wieder:
