<?xml version="1.0" encoding="UTF-8" standalone="yes"?>
<PcGts xmlns="http://schema.primaresearch.org/PAGE/gts/pagecontent/2013-07-15" xmlns:xsi="http://www.w3.org/2001/XMLSchema-instance" xsi:schemaLocation="http://schema.primaresearch.org/PAGE/gts/pagecontent/2013-07-15 http://schema.primaresearch.org/PAGE/gts/pagecontent/2013-07-15/pagecontent.xsd">
    <Metadata>
        <Creator>prov=READ-COOP:name=TrHtr:version=2.23.1:model_id=51170:date=22_02_2025_11:43</Creator>
        <Created>2025-02-21T16:33:22.907+01:00</Created>
        <LastChange>2025-02-22T11:43:16.343+01:00</LastChange>
        <TranskribusMetadata docId="7038761" pageId="91997087" pageNr="21" tsid="230769229" status="IN_PROGRESS" userId="131016" imgUrl="https://files.transkribus.eu/Get?id=ACSYTFUPGHPANZRGJTQDZJLP&amp;fileType=view" xmlUrl="https://files.transkribus.eu/Get?id=QFUZWRYUTFPBQMXAZLMULNCC" imageId="76789394"/>
    </Metadata>
    <Page imageFilename="0021_bsb-franz-mittjsb-991125835949707356-tx-00024.jpg" imageWidth="6604" imageHeight="10246">
        <ReadingOrder>
            <OrderedGroup id="ro_1757316130893" caption="Regions reading order">
                <RegionRefIndexed index="0" regionRef="tr_1"/>
            </OrderedGroup>
        </ReadingOrder>
        <TextRegion orientation="0.0" id="tr_1" custom="readingOrder {index:0;}">
            <Coords points="794,843 794,8749 5266,8749 5266,843"/>
            <TextLine id="tr_1_tl_1" custom="readingOrder {index:0;}">
                <Coords points="2497,1034 2853,1129 3053,1079 3114,1129 3214,1068 3270,1118 3509,1068 3492,662 3320,684 3237,601 3086,584 2847,651 2486,645"/>
                <Baseline points="2525,943 2574,950 2624,956 2674,963 2724,970 2773,976 2823,979 2873,979 2923,979 2972,979 3022,979 3072,980 3122,983 3171,986 3221,990 3271,989 3321,986 3370,985 3420,985 3470,982 3520,977"/>
                <TextEquiv>
                    <Unicode>21 60</Unicode>
                </TextEquiv>
            </TextLine>
            <TextLine id="tr_1_tl_2" custom="readingOrder {index:1;}">
                <Coords points="801,1485 5233,1490 5233,1207 4149,1118 3242,1235 2920,1112 1741,1223 1451,1107 1057,1223 795,1101"/>
                <Baseline points="829,1433 1061,1401 1294,1397 1526,1397 1759,1397 1991,1397 2224,1398 2457,1403 2689,1403 2922,1403 3154,1403 3387,1403 3619,1403 3852,1405 4085,1409 4317,1403 4550,1404 4782,1409 5015,1415 5248,1427"/>
                <TextEquiv>
                    <Unicode>„dimisit inanes“ ausgedrückt: wie mit einem Füllhorn</Unicode>
                </TextEquiv>
            </TextLine>
            <TextLine id="tr_1_tl_3" custom="readingOrder {index:2;}">
                <Coords points="801,1746 2408,1646 5222,1796 5222,1529 4855,1451 801,1490"/>
                <Baseline points="829,1653 1049,1647 1269,1647 1490,1645 1710,1647 1930,1647 2151,1647 2371,1648 2591,1653 2812,1653 3032,1653 3252,1653 3473,1650 3693,1653 3913,1653 4134,1653 4354,1655 4574,1659 4795,1665 5015,1659 5236,1665"/>
                <TextEquiv>
                    <Unicode>des Segens werden die „esurientes“ überschüttet, wäh¬</Unicode>
                </TextEquiv>
            </TextLine>
            <TextLine id="tr_1_tl_4" custom="readingOrder {index:3;}">
                <Coords points="784,1958 5233,1969 5233,1785 5077,1724 784,1746"/>
                <Baseline points="812,1904 1033,1898 1255,1904 1477,1901 1699,1905 1921,1904 2142,1898 2364,1900 2586,1903 2808,1904 3030,1899 3251,1899 3473,1902 3695,1905 3917,1906 4139,1910 4360,1910 4582,1910 4804,1916 5026,1916 5248,1922"/>
                <TextEquiv>
                    <Unicode>rend die „divites“ mit einer öden Figur leer ausgehen.</Unicode>
                </TextEquiv>
            </TextLine>
            <TextLine id="tr_1_tl_5" custom="readingOrder {index:4;}">
                <Coords points="790,2230 5250,2197 5250,1980 4477,1924 3848,2035 790,1958"/>
                <Baseline points="818,2143 1040,2146 1262,2155 1485,2155 1707,2149 1930,2149 2152,2144 2374,2149 2597,2155 2819,2151 3042,2155 3264,2155 3486,2155 3709,2155 3931,2156 4154,2157 4376,2161 4598,2161 4821,2161 5043,2161 5266,2167"/>
                <TextEquiv>
                    <Unicode>Der Verlauf des Ganzen vollzieht sich so natürlich und</Unicode>
                </TextEquiv>
            </TextLine>
            <TextLine id="tr_1_tl_6" custom="readingOrder {index:5;}">
                <Coords points="784,2464 5239,2486 5239,2224 784,2224"/>
                <Baseline points="812,2406 1034,2403 1256,2412 1478,2406 1700,2400 1922,2404 2144,2400 2366,2400 2588,2400 2810,2400 3033,2406 3255,2404 3477,2400 3699,2406 3921,2406 4143,2407 4365,2406 4587,2406 4809,2412 5031,2411 5254,2418"/>
                <TextEquiv>
                    <Unicode>ruhig, das unmittelbare Eingreifen des Höchsten in die</Unicode>
                </TextEquiv>
            </TextLine>
            <TextLine id="tr_1_tl_7" custom="readingOrder {index:6;}">
                <Coords points="790,2714 5244,2681 4994,2447 790,2491"/>
                <Baseline points="823,2651 1044,2651 1266,2657 1488,2651 1710,2651 1932,2651 2154,2652 2375,2653 2597,2657 2819,2653 3041,2657 3263,2657 3485,2653 3707,2657 3928,2661 4150,2663 4372,2663 4594,2663 4816,2663 5038,2663 5260,2668"/>
                <TextEquiv>
                    <Unicode>Schicksale der Menschen hat so viel herzgewinnende</Unicode>
                </TextEquiv>
            </TextLine>
            <TextLine id="tr_1_tl_8" custom="readingOrder {index:7;}">
                <Coords points="784,2953 5239,2998 5239,2758 4855,2714 784,2708"/>
                <Baseline points="812,2901 1034,2901 1256,2907 1478,2907 1700,2901 1922,2907 2144,2907 2366,2907 2588,2907 2810,2907 3033,2907 3255,2905 3477,2907 3699,2908 3921,2921 4143,2919 4365,2913 4587,2919 4809,2919 5031,2919 5254,2931"/>
                <TextEquiv>
                    <Unicode>Züge, dass man das zu rasche Vorübergleiten der schönen</Unicode>
                </TextEquiv>
            </TextLine>
            <TextLine id="tr_1_tl_9" custom="readingOrder {index:8;}">
                <Coords points="790,3226 1173,3264 1435,3175 1613,3237 3014,3253 3014,3014 2925,3048 2786,2959 2297,3025 2113,2959 2013,3025 1624,2975 1424,3053 790,2959"/>
                <Baseline points="823,3158 933,3152 1043,3155 1153,3158 1263,3158 1374,3158 1484,3158 1594,3158 1704,3158 1814,3158 1925,3158 2035,3158 2145,3158 2255,3158 2365,3157 2476,3155 2586,3158 2696,3158 2806,3163 2916,3160 3027,3170"/>
                <TextEquiv>
                    <Unicode>Nummer fast beklagen muss.</Unicode>
                </TextEquiv>
            </TextLine>
            <TextLine id="tr_1_tl_10" custom="readingOrder {index:9;}">
                <Coords points="1223,3465 5228,3465 5228,3192 4271,3287 3326,3175 2675,3303 1223,3192"/>
                <Baseline points="1253,3397 1452,3409 1651,3406 1851,3407 2050,3409 2250,3409 2449,3409 2649,3415 2848,3416 3048,3415 3247,3409 3446,3415 3646,3415 3845,3415 4045,3416 4244,3421 4444,3415 4643,3415 4843,3415 5042,3421 5242,3427"/>
                <TextEquiv>
                    <Unicode>Ihrem unmittelbar erfassendem Reize lässt Bach</Unicode>
                </TextEquiv>
            </TextLine>
            <TextLine id="tr_1_tl_11" custom="readingOrder {index:10;}">
                <Coords points="790,3698 5205,3676 5133,3470 790,3476"/>
                <Baseline points="823,3666 1042,3663 1262,3660 1482,3660 1702,3660 1921,3664 2141,3664 2361,3665 2581,3660 2800,3666 3020,3666 3240,3672 3460,3672 3679,3666 3899,3672 4119,3671 4339,3666 4558,3672 4778,3666 4998,3666 5218,3672"/>
                <TextEquiv>
                    <Unicode>eine tiefsinnige Conception folgen, die in entlegene Fer¬</Unicode>
                </TextEquiv>
            </TextLine>
            <TextLine id="tr_1_tl_12" custom="readingOrder {index:11;}">
                <Coords points="790,3982 5233,4010 5233,3682 790,3737"/>
                <Baseline points="823,3916 1055,3910 1288,3926 1520,3910 1753,3910 1985,3916 2218,3910 2451,3909 2683,3904 2916,3910 3148,3910 3381,3916 3613,3916 3846,3920 4079,3918 4311,3916 4544,3919 4776,3917 5009,3918 5242,3922"/>
                <TextEquiv>
                    <Unicode>nen, in eine andere Welt einführt, einen Satz, der</Unicode>
                </TextEquiv>
            </TextLine>
            <TextLine id="tr_1_tl_13" custom="readingOrder {index:12;}">
                <Coords points="801,4254 5194,4193 5194,4004 4621,3954 801,3982"/>
                <Baseline points="829,4155 1047,4161 1266,4161 1485,4161 1704,4161 1923,4161 2142,4161 2360,4161 2579,4161 2798,4161 3017,4161 3236,4162 3455,4167 3674,4162 3892,4167 4111,4165 4330,4162 4549,4161 4768,4161 4987,4164 5206,4173"/>
                <TextEquiv>
                    <Unicode>wohl den eigentlichen Mittel- und Kernpunkt des Gan¬</Unicode>
                </TextEquiv>
            </TextLine>
            <TextLine id="tr_1_tl_14" custom="readingOrder {index:13;}">
                <Coords points="784,4460 5150,4505 5094,4232 784,4260"/>
                <Baseline points="812,4406 1029,4415 1247,4418 1464,4418 1682,4418 1900,4412 2117,4415 2335,4412 2552,4415 2770,4418 2988,4414 3205,4418 3423,4418 3640,4418 3858,4418 4076,4412 4293,4417 4511,4414 4728,4418 4946,4419 5164,4436"/>
                <TextEquiv>
                    <Unicode>zen ausmachen dürfte. Die uralte Melodie des Mag</Unicode>
                </TextEquiv>
            </TextLine>
            <TextLine id="tr_1_tl_15" custom="readingOrder {index:14;}">
                <Coords points="790,4705 5233,4755 5166,4455 4455,4560 790,4460"/>
                <Baseline points="818,4669 1039,4669 1260,4669 1481,4671 1702,4669 1924,4669 2145,4669 2366,4669 2587,4663 2808,4669 3030,4669 3251,4669 3472,4671 3693,4669 3914,4669 4136,4669 4357,4669 4578,4669 4799,4669 5020,4663 5242,4675"/>
                <TextEquiv>
                    <Unicode>nificat, deren sich die Kirche zugleich auch für die</Unicode>
                </TextEquiv>
            </TextLine>
            <TextLine id="tr_1_tl_16" custom="readingOrder {index:15;}">
                <Coords points="784,4977 5211,4988 5211,4760 4977,4705 3226,4805 784,4699"/>
                <Baseline points="812,4914 1032,4917 1253,4914 1473,4914 1694,4914 1915,4910 2135,4914 2356,4908 2576,4902 2797,4909 3018,4914 3238,4914 3459,4914 3679,4919 3900,4919 4121,4914 4341,4914 4562,4915 4782,4914 5003,4914 5224,4937"/>
                <TextEquiv>
                    <Unicode>Benedictio bediente — man verlegt ihre Entstehung</Unicode>
                </TextEquiv>
            </TextLine>
            <TextLine id="tr_1_tl_17" custom="readingOrder {index:16;}">
                <Coords points="784,5255 5233,5239 5233,4994 4966,4972 784,4977"/>
                <Baseline points="812,5170 1033,5164 1255,5170 1477,5170 1699,5170 1921,5170 2142,5170 2364,5164 2586,5164 2808,5170 3030,5165 3251,5163 3473,5158 3695,5170 3917,5170 4139,5165 4360,5164 4582,5170 4804,5170 5026,5170 5248,5176"/>
                <TextEquiv>
                    <Unicode>bis ins 7. Jahrhundert hinauf — erscheint jetzt in den</Unicode>
                </TextEquiv>
            </TextLine>
            <TextLine id="tr_1_tl_18" custom="readingOrder {index:17;}">
                <Coords points="784,5500 5038,5511 5211,5456 5211,5244 784,5261"/>
                <Baseline points="812,5415 1032,5415 1253,5421 1473,5421 1694,5421 1915,5421 2135,5421 2356,5421 2576,5425 2797,5427 3018,5421 3238,5415 3459,5418 3679,5427 3900,5421 4121,5421 4341,5423 4562,5427 4782,5421 5003,5426 5224,5433"/>
                <TextEquiv>
                    <Unicode>Oboen und von drei Frauenstimmen (zwei Sophrane und</Unicode>
                </TextEquiv>
            </TextLine>
            <TextLine id="tr_1_tl_19" custom="readingOrder {index:18;}">
                <Coords points="790,5734 5233,5778 5150,5467 4165,5578 3720,5456 790,5478"/>
                <Baseline points="823,5672 1055,5672 1288,5672 1520,5667 1753,5672 1985,5666 2218,5669 2451,5672 2683,5672 2916,5680 3148,5678 3381,5672 3613,5672 3846,5676 4079,5672 4311,5672 4544,5672 4776,5672 5009,5678 5242,5690"/>
                <TextEquiv>
                    <Unicode>ein Alt) mit den Worten: „suscepit Israel puerum suum,</Unicode>
                </TextEquiv>
            </TextLine>
            <TextLine id="tr_1_tl_20" custom="readingOrder {index:19;}">
                <Coords points="790,5984 5233,6017 5233,5778 5100,5750 790,5806"/>
                <Baseline points="818,5929 1039,5926 1261,5929 1482,5923 1704,5918 1925,5923 2147,5928 2368,5923 2590,5923 2811,5921 3033,5923 3254,5923 3476,5923 3697,5923 3919,5918 4140,5929 4362,5924 4583,5923 4805,5929 5026,5929 5248,5941"/>
                <TextEquiv>
                    <Unicode>recordatus misericordiae“ geheimnissvoll umspielt, als</Unicode>
                </TextEquiv>
            </TextLine>
            <TextLine id="tr_1_tl_21" custom="readingOrder {index:20;}">
                <Coords points="790,6234 5216,6262 5216,6012 5066,5984 790,6006"/>
                <Baseline points="818,6173 1038,6179 1259,6173 1479,6173 1700,6173 1921,6173 2141,6173 2362,6179 2582,6173 2803,6168 3024,6173 3244,6173 3465,6176 3685,6179 3906,6173 4127,6173 4347,6173 4568,6168 4788,6173 5009,6173 5230,6179"/>
                <TextEquiv>
                    <Unicode>Cantus firmus. In zarten Strichen markirt das Violoncell</Unicode>
                </TextEquiv>
            </TextLine>
            <TextLine id="tr_1_tl_22" custom="readingOrder {index:21;}">
                <Coords points="784,6523 5216,6468 5172,6251 784,6234"/>
                <Baseline points="812,6436 1032,6430 1253,6430 1474,6430 1695,6430 1916,6426 2137,6424 2358,6428 2579,6430 2800,6430 3021,6430 3241,6430 3462,6426 3683,6430 3904,6430 4125,6430 4346,6427 4567,6430 4788,6430 5009,6430 5230,6436"/>
                <TextEquiv>
                    <Unicode>die harmonischen Grundverhältnisse, indem es sie mehr</Unicode>
                </TextEquiv>
            </TextLine>
            <TextLine id="tr_1_tl_23" custom="readingOrder {index:22;}">
                <Coords points="767,6712 5228,6740 5228,6529 4816,6457 3865,6562 2080,6462 1919,6585 767,6484"/>
                <Baseline points="800,6687 1022,6682 1244,6685 1466,6676 1688,6681 1910,6681 2132,6677 2354,6681 2576,6681 2798,6681 3021,6681 3243,6681 3465,6682 3687,6681 3909,6676 4131,6681 4353,6681 4575,6681 4797,6681 5019,6681 5242,6675"/>
                <TextEquiv>
                    <Unicode>andeutet als wirklich ausführt. Der Cantus firmus</Unicode>
                </TextEquiv>
            </TextLine>
            <TextLine id="tr_1_tl_24" custom="readingOrder {index:23;}">
                <Coords points="767,6946 5239,7029 5239,6774 4961,6735 767,6751"/>
                <Baseline points="800,6938 1022,6932 1244,6932 1467,6932 1689,6932 1912,6932 2134,6932 2356,6932 2579,6932 2801,6938 3024,6938 3246,6938 3468,6938 3691,6932 3913,6932 4136,6932 4358,6932 4580,6932 4803,6936 5025,6932 5248,6944"/>
                <TextEquiv>
                    <Unicode>schwebt, einem Sterne gleich, mildleuchtend über den</Unicode>
                </TextEquiv>
            </TextLine>
            <TextLine id="tr_1_tl_25" custom="readingOrder {index:24;}">
                <Coords points="762,7230 4760,7302 5178,7252 5178,7018 762,7041"/>
                <Baseline points="794,7176 1013,7185 1233,7182 1453,7182 1672,7182 1892,7186 2112,7182 2331,7182 2551,7182 2771,7182 2991,7188 3210,7182 3430,7185 3650,7188 3869,7192 4089,7188 4309,7183 4528,7182 4748,7188 4968,7188 5188,7200"/>
                <TextEquiv>
                    <Unicode>Singstimmen, sie wie im sanften Zuge zu sich empor¬</Unicode>
                </TextEquiv>
            </TextLine>
            <TextLine id="tr_1_tl_26" custom="readingOrder {index:25;}">
                <Coords points="767,7491 4972,7530 5194,7485 5194,7280 767,7291"/>
                <Baseline points="800,7439 1020,7433 1240,7433 1460,7439 1681,7433 1901,7431 2121,7433 2342,7433 2562,7439 2782,7439 3003,7433 3223,7433 3443,7436 3663,7439 3884,7433 4104,7438 4324,7437 4545,7439 4765,7439 4985,7439 5206,7445"/>
                <TextEquiv>
                    <Unicode>hebend. Der Vocalsatz seinerseits wallt und wogt ihm ent¬</Unicode>
                </TextEquiv>
            </TextLine>
            <TextLine id="tr_1_tl_27" custom="readingOrder {index:26;}">
                <Coords points="801,7808 5033,7775 5222,7725 5228,7480 806,7519"/>
                <Baseline points="829,7708 1049,7690 1269,7694 1490,7689 1710,7686 1930,7684 2151,7684 2371,7690 2591,7690 2812,7684 3032,7684 3252,7689 3473,7690 3693,7684 3913,7684 4134,7684 4354,7684 4574,7688 4795,7684 5015,7684 5236,7684"/>
                <TextEquiv>
                    <Unicode>gegen in lieblichen Imitationen, welche die verschiedenen</Unicode>
                </TextEquiv>
            </TextLine>
            <TextLine id="tr_1_tl_28" custom="readingOrder {index:27;}">
                <Coords points="784,7980 4783,8030 5200,7964 5200,7752 784,7802"/>
                <Baseline points="812,7935 1031,7935 1251,7936 1471,7937 1690,7940 1910,7935 2130,7937 2349,7935 2569,7935 2789,7935 3009,7938 3228,7941 3448,7941 3668,7941 3887,7933 4107,7940 4327,7941 4546,7935 4766,7935 4986,7935 5206,7947"/>
                <TextEquiv>
                    <Unicode>Stimmen in kunstreichen Verschlingungen einander abneh¬</Unicode>
                </TextEquiv>
            </TextLine>
            <TextLine id="tr_1_tl_29" custom="readingOrder {index:28;}">
                <Coords points="762,8292 5211,8286 5211,8047 4688,7969 762,8019"/>
                <Baseline points="794,8192 1015,8192 1237,8186 1458,8186 1680,8187 1901,8190 2123,8186 2344,8186 2566,8186 2787,8186 3009,8186 3230,8186 3452,8190 3673,8191 3895,8182 4116,8186 4338,8186 4559,8186 4781,8186 5002,8192 5224,8215"/>
                <TextEquiv>
                    <Unicode>men und übertragen: Alles scheint Leben und Bewegung</Unicode>
                </TextEquiv>
            </TextLine>
            <TextLine id="tr_1_tl_30" custom="readingOrder {index:29;}">
                <Coords points="762,8464 5233,8553 5233,8286 4905,8264 762,8292"/>
                <Baseline points="794,8442 1016,8439 1238,8436 1461,8439 1683,8436 1906,8436 2128,8441 2350,8440 2573,8441 2795,8438 3018,8442 3240,8442 3462,8442 3685,8442 3907,8436 4130,8440 4352,8440 4574,8436 4797,8442 5019,8442 5242,8442"/>
                <TextEquiv>
                    <Unicode>aus den uralten Klängen zu schöpfen. Zu den zwei</Unicode>
                </TextEquiv>
            </TextLine>
            <TextLine id="tr_1_tl_31" custom="readingOrder {index:30;}">
                <Coords points="767,8820 3392,8859 3693,8720 5211,8837 5211,8531 1084,8459 767,8570"/>
                <Baseline points="800,8693 1020,8693 1241,8693 1462,8693 1683,8693 1904,8693 2125,8693 2346,8695 2567,8695 2788,8693 3009,8693 3229,8699 3450,8695 3671,8693 3892,8693 4113,8693 4334,8699 4555,8699 4776,8699 4997,8698 5218,8693"/>
                <TextEquiv>
                    <Unicode>Zeilen des Chorals bedient sich der Meister auch eines</Unicode>
                </TextEquiv>
            </TextLine>
        </TextRegion>
    </Page>
</PcGts>
