6629 10188
3170 604 4228 1086 22 60
1480 997 5885 1452 doppelten Begleitungsstoffes: der ersten wird das: „sus¬
1491 1435 5901 1701 cepit Israel puerum suum,“ der zweiten das: „ desordatus
1496 1668 5896 1951 misericordiae“ untergelegt. Beide Textabschnitte finden
1502 1912 5918 2211 wieder ihre besondere musikalische Behandlung. Das
1491 2150 5929 2422 Notiv zu: „suscepit Israel puerum suum" wird gerade
1485 2388 5918 2660 und in der Umkehrung benutzt, eine Darstellungs¬
1485 2627 5874 2926 form, welche der hülfreichen Hand des Herrn charakte¬
1480 2909 5907 3159 ristisch genug entspricht; das: „ desordatus miseri¬
1485 3175 5890 3480 cordiae“ entwickelt sich dagegen ohne Anwendung
1485 3375 5901 3718 solcher Kunstmittel, verherrlicht aber in nur um so
1491 3652 5780 3923 eindringlicherer Art die ewige Gnade und Erbarmung.
1956 3923 5918 4234 Obschon sich die Singstimmen in ihren kreisenden
1502 4184 5929 4455 Bewegungen zuweilen schneidend berühren, werden diese
1480 4477 5935 4732 momentanen Härten doch stets durch den selbstständigen
1474 4660 5929 4948 Zug der Stimmführung wieder ausgeglichen und dienen
1524 4921 5896 5231 vielmehr dazu, dem Satze das Gepräge des Ausserordent¬
1496 5181 5913 5447 lichen, Mystischen zu verleihen. Und auf die Darstellung
1496 5442 5929 5746 eines solchen dürfte es Bach wohl auch hauptsächlich
1480 5680 5896 5962 hier angekommen sein. Die Verbindung gerade jener
1513 5924 5929 6206 Textworte, welche die erlösende Barmherzigkeit, die
1507 6190 5896 6489 der Herr seinem Diener Israel widerfahren lässt, schil¬
1491 6444 5924 6710 dern, mit den ehrwürdigen Klängen des Magnificat oder
1496 6688 5924 6965 der im Sinne der Kirche noch bedeutsameren Benedictio,
1496 6932 5896 7215 ist sicher keine zufällige und weist auf eine solche Auf¬
1491 7220 5924 7503 fassung hin. Wenn wir endlich noch auf den Gegensatz
1507 7447 5924 7747 dieser Nummer zu dem Chore: „omnes generationes“ die
1496 7697 5929 7996 Aufmerksamkeit lenken, darauf hinweisen, wie in beiden
1502 7941 5929 8229 das Christenthum zuerst in seiner welterschütternden
1491 8212 5918 8528 und dann in seiner welterlösenden Bedeutung vorgeführt
1535 8478 5885 8777 wird, so gewinnen wir damit einen neuen Gesichts¬
