6583 10196
2585 593 3616 1082 23 60
893 1065 5297 1492 punkt, der Bach’s unermessliche Grösse im hellsten
860 1370 1841 1703 Lichte zeigt.
1298 1625 5302 1897 Form und Inhalt des eben analysirten Stückes
865 1858 5274 2191 erinnerte uns wiederholt an einen jener unvergänglichen
849 2174 5280 2446 Aussprüche Luthers, die darum so überzeugend wirken
854 2396 5274 2718 mögen, weil sie aus der tiefsten Gemüthsanschauung
843 2612 4803 2945 hervorgingen. Wir lassen ihn hier wörtlich folgen:
1276 2879 5291 3184 „Wo die natürliche Musika durch die Kunst geschärft
849 3139 5225 3405 und polirt wird, da sieht und erkennt man erst mit Ver
849 3361 5280 3666 wunderung die grosse und vollkommene Weisheit Gottes
843 3616 5274 3899 in seinem wunderlichen Werke der Musika, in welcher
843 3882 5274 4176 vor Allem das seltsam und zu verwundern ist, dass
821 4110 5258 4415 Einer die schlechte Weise hersingt, neben welcher drei,
849 4387 5225 4653 vier oder fünf andere Stimmen aber auch gesungen wer
843 4642 5247 4958 den, die um solche schlechte Weise gleich als mit Jauch¬
821 4897 5258 5197 zen ringsherum spielen und springen und mit mancherlei
815 5180 5274 5452 Art und Klang dieselbige Weise wunderlich zieren und
843 5385 5252 5663 schmücken und gleich wie einen himmlischen Tanzreigen
821 5657 5252 5962 führen, freundlich einander begegnen und sich herzen und
826 5857 2213 6228 lieblich umfangen.'
1276 6095 5263 6467 Kräftig das Vorhergehende bestätigend schliesst sich
821 6411 5252 6683 nun ein Chor, d-dur, alla breve, mit den Worten:
849 6667 5258 6988 „sicut locutus est ad patres nostros, Abraham et semini
843 6883 5252 7232 ejus in secula“ an. Seinem Inhalte angemessen wird
821 7121 5252 7454 der Text zu einer Vocalfuge benutzt, die der Continuo
821 7393 5269 7665 und die Orgel energisch unterstützen. Dass Bach in
849 7682 5252 7981 der Eugenform unerreichter Meister ist, darüber herrscht
821 7881 5269 8153 heut zu Tage wohl allgemeine Uebereinstimmung. So
821 8153 5252 8436 löst er denn auch hier seine Aufgabe mit spielender
821 8397 5252 8741 Leichtigkeit und vollendetem Geschick. Dem kernigen
