6642 10308
3147 620 4183 1058 op 24 60
1451 1025 5878 1418 Hauptthema: „sicut locutus est ad patres nostros“ werden
1440 1418 5883 1712 nach und nach verschiedene Nebenmotive zugeführt, das
1451 1651 5867 1967 erste mit den Worten: „Abraham et semini ejus," das
1440 1889 5872 2177 zweite mit: „sicut locutus est" und das dritte mit:,,in
1457 2138 5883 2443 secula,“ die sich bei dem vorletzten Eintritt des Thema's
1451 2399 5861 2670 im Bass sämmtlich vereinigen. Der sinnvollen Ueber¬
1451 2676 5878 2931 einstimmung zwischen Wort und Ton bedarf kaum der
2914 2886 5906 3224 Bach’s Fugen sind gewöhnlich in
1468 2886 2366 3202 Erwähnung.
1463 3125 5895 3451 einem so vielfachen Contrapunkte geschrieben, als eben
1463 3429 5861 3701 Stimmen beschäftiget werden sollen. Durch ein zweck¬
1463 3662 5878 3933 mässiges Umstellen dieser erzielt der Meister mit den
1479 3906 5883 4183 einfachsten Mitteln oft die grössten Wirkungen. Im All-
1496 4155 5900 4449 gemeinen arbeitet er sein Hauptthema drei-, vier- oder
1451 4371 5895 4726 fünfstimmig aus und giebt jeder einzelnen Partie einen
1451 4681 5895 4942 möglichst selbstständigen, individuellen Charakter: mit
1474 4897 5917 5180 diesem Material bestreitet sich dann der weitere Verlauf
1479 5158 5906 5435 des Satzes fast ausschliesslich. Demnach könnte man
1463 5374 5895 5690 nun glauben, dass hier im Grunde genommen mehr
1485 5629 5895 5911 Mechanik als Organik walte. Bis auf einen gewissen
1468 5906 5883 6221 Punkt kann dies auch ohne Weiteres zugegeben wer¬
1485 6166 5895 6482 den — aber die Art und Weise, in der Bach seine
1490 6415 5917 6703 Themen zu erfinden weiss, dürfte denn doch nicht ganz
1474 6648 5900 6958 zu übersehen sein: er haucht ihnen eine so elastische
1474 6908 5900 7196 Kraft ein, dass sie in allen Lagen und Verhältnissen
1474 7169 5911 7413 immer wieder frisch und neu erscheinen. — Gegen das
1490 7418 5906 7701 Ende hin gestaltet sich unsere Fuge ziemlich frei und
1501 7678 5872 7944 bereitet damit den Charakter der Schlussnummer treff¬
1474 7906 2161 8221 lich vor.
1939 8144 5883 8471 Mit dem: „sicut locutus est“ endigt nun eigent-
1468 8399 5911 8798 lich der Lobgesang der Maria. Um eine bestimmtere
