6658 10233
2551 627 3605 1082 25 60
860 1026 5291 1398 Abrundung zu gewinnen, ist dem Magnificat aber noch
860 1398 5291 1697 der Vers: „gloria Patri, gloria Filio, gloria Spiritui
843 1653 5280 1936 sancto! Sicut erat in principio, et nunc, et semper,
854 1897 5286 2230 et in secula seculorum, Amen,“ hinzugefügt, der das
854 2202 5241 2468 Ganze in einer grossen und weiten Stimmung noch ein¬
832 2402 2324 2701 mal zusammenfasst.
1281 2618 5280 2934 Dieser Schlusssatz spaltet sich nach seiner äussern
849 2890 5280 3195 Struktur in zwei Haupttheile, deren erster die Worte:
849 3206 5241 3455 „gloria Patri, gloria Filio, gloria et Spiritui sancto“
854 3444 5286 3694 und deren zweiter das: „Sicut erat in principio“ u. s. w.
849 3661 5286 3927 aufnimmt. Die fünf Chorstimmen, vom Orchester, mit
843 3916 5297 4199 Ausnahme der Trompeten und Pauken, die erst später
860 4154 5291 4448 bei dem: „gloria spiritui sancto“ hinzutreten, und der
876 4415 5258 4675 Orgel begleitet, brechen zuerst in einen kurzen, ener-
876 4670 5286 4953 gischen Ruf: „gloria!“ — aus. Die Orgel, testo solo,
843 4942 5263 5225 hält darauf das tiefe a als Orgelpunkt aus, auf wel¬
854 5197 5291 5491 chem sich nun ein unerhörtes Tongebilde aufbaut.
865 5435 5274 5729 Der Bass, dem die übrigen Singstimmen in Ein¬
871 5657 5291 6012 tritten von halben Takten folgen, entrollt ohne alle
876 5896 5263 6206 weitere Begleitung eine gewaltig aufsteigende Triolen¬
876 6184 5313 6434 figur, die sich nach einer Ausführung von drei Takten
860 6428 5308 6766 in das wie im überirdischen Glanze strahlende: „gloria
865 6700 5269 6966 Patri,“ bei dem das Orchester wieder mit aller Macht ein-
849 6949 5258 7182 fallt, jenen Ruf von neuem aufnehmend, stürzt. Diese An¬
849 7193 5269 7537 läufe wiederholen sich auf dem Orgelpunkte e, nur mit ent-
871 7471 5258 7731 gegengesetzten Stimmeintritten zu dem: „gloria Filio“
871 7687 5291 7948 und dann wieder auf dem Orgelpunkte h, jedoch mit
871 7953 5008 8236 einem neuen Motive zu dem: „gloria Spiritui sancto."
871 8197 5274 8519 Die Stimmen scheinen im Drange des Aufschwunges zu
860 8464 5274 8841 dem dreieinigen Gott sich zu überstürzen, bis sie das
