6658 10258
3192 578 4238 1029 26 60
1485 1040 5912 1418 Bedürfniss der Gemeinschaft auf weit ausklingenden quint¬
1524 1374 5923 1657 sexten-Accorden wieder einigt, sie scheinen den Himmel
1502 1646 5934 1952 stürmen zu wollen, vor dem ewigen Glanze aber, nicht
1490 1880 5917 2202 zerknirscht, sondern jauchzend in die Kniee zu sinken.
1535 2147 5895 2441 Und hier zeigt die Musik recht klar das nur ihr eigen¬
1496 2375 5928 2658 thümliche Vermögen, Stimmungen höchster Transcendenz
1479 2636 5928 2897 in voller Realität darzustellen; die Ausdrucksfähigkeit der
1502 2886 5900 3198 übrigen Künste reicht nach dieser Seite hin nicht ent¬
1490 3114 2931 3470 fernt an sie heran.
1924 3398 5928 3648 Der eben besprochenen Einleitung folgt nun die
1490 3626 5923 3887 zweite Hälfte des Chores mit den Worten: „Sicut erat
1485 3876 5889 4154 in principio, et nunc, et semper et in secula seculorum,
1485 4121 5900 4416 Amen." Bach lenkt hier auf die Eingangnummer zurück,
1485 4382 5928 4633 indem er die Hauptmotive derselben in gedrängter Form
1485 4649 5912 4938 noch einmal vorüberschweben lässt. Die befriedigende
1479 4894 5912 5183 Abrundung, welche er damit dem ganzen Werke giebt,
1479 5155 5878 5461 reiht sich den vorausgegangenen Zügen vollendeter Schön¬
1479 5361 2703 5700 heit würdig an.
1908 5611 5923 5912 Nachdem wir jede einzelne Nummer des Magnificat
1485 5906 5917 6201 einer besonderen Besprechung unterzogen und ihren hohen
1502 6156 5917 6462 Werth nachzuweisen versucht haben, bleibt uns nun
1485 6395 5928 6657 noch übrig, das Werk als Ganzes zu betrachten. Je
1474 6685 5951 6985 ausführlicher wir dort verfuhren, um so kürzer werden
1502 6907 3615 7196 wir uns hier fassen können.
1924 7146 5900 7424 Alle Werke Bach’s zeigen die geschlossenste
1490 7408 5917 7675 Stimmung, die sich fest und sicher durch den Verlauf
1490 7675 5906 7947 zieht. Unserer Zeit, deren Blick so sehr vom Einzelnen
1502 7919 5928 8164 beherrscht wird, kommt es fast unbegreiflich vor, wie
1502 8136 5917 8464 die alten Meister bei aller Liebe, die sie dem Detail
1502 8409 5923 8792 zuwandten, stets das Auge klar und frei zu erhalten
