6646 10217
2523 558 3566 1133 27 60
832 1150 5263 1490 wussten, um über ihm die allgemeinen Grundverhältnisse
820 1434 5230 1691 und deren harmonischen Zusammenhang nicht zu ver¬
809 1680 5269 1965 nachlässigen. Ihr künstlerisches Empfinden war noch ein
848 1914 5280 2244 durchaus einheitliches — eine reine und durchsichtige
815 2210 5302 2472 Atmosphäre breitet sich ungetrübt über ihren Werken
820 2428 5285 2707 aus, ein gleichmässiges Licht, der Abglanz der eigenen
804 2690 5269 2958 Seelenstimmung des Künstlers, durchleuchtet die Welt,
843 2947 5274 3237 die sie schaffen und alle ihre Gebilde: nirgends erblickt
815 3176 5274 3488 man Zufälliges oder Ueberflüssiges, vielmehr bedingt Eins
815 3466 5263 3756 das Andere so nothwendig, dass Alles wie aus einem
843 3706 5280 3968 gemeinsamen Mittelpunkte entsprungen zu sein scheint.
832 3979 5235 4225 Auch unser Magnificat bestätigt diese Wahrnehmung
843 4203 5246 4454 Bei aller Mannichfaltigkeit, die es in den einzelnen Thei¬
843 4448 5263 4711 len bieten mag, bei den gewaltigsten Contrasten, die
843 4722 5285 5001 einander gegenübertreten-, trotz der stets fortschreitenden
815 4984 5280 5241 Steigerung, waltet doch im Ganzen wieder eine Naivetät
848 5246 5241 5514 und Kindlichkeit, die alle Schwierigkeiten scheinbar spie¬
832 5475 5269 5726 lend löst und in voller Unbefangenheit das Höchste wagt
843 5710 5280 6005 und erreicht. Bach war eben ein ganzer Mensch,
843 5961 5285 6234 dessen Inneres keine Widersprüche dulden konnte: wie
826 6184 5241 6480 im Detail seiner Musik die verwandten Stoffe gleich¬
832 6458 5246 6748 sam krystallisirend zusammenschiessen und alles Fremd¬
815 6714 5285 7010 artige abweisen, eben so instinktartig vereinigen sich
843 6977 5285 7261 ihm die grösseren Verhältnisse zu einem Ganzen, das
820 7194 3672 7496 nichts Unharmonisches in sich duldet.
1245 7462 5297 7758 Solchen Erscheinungen gegenüber hört eigentlich
871 7730 5302 8015 jede Kritik auf — sie muss sich bescheiden, den
860 7976 5297 8249 wunderbaren Leistungen des Meisters lauschend und
843 8221 5280 8495 beobachtend nachzugehen: kann sie ihre negativen
854 8472 5285 8874 Eigenschaften an derartigen Werken nur wenig üben,
