6667 10246
3222 614 4255 1055 28 60
1530 1039 5952 1424 mag sie sich ihrer dafür um so positiver annehmen.
1536 1429 5975 1692 In diesem Sinne erlauben wir uns noch einige flüchtige
1530 1670 2619 1993 Bemerkungen.
1999 1893 5930 2228 In der Form unterscheidet sich das Magni¬
1513 2189 5980 2451 ficat von vielen der übrigen Bach’schen Kirchenwerke
1536 2474 5969 2708 durch eine besonders concise und knappe Gestalt der
1530 2669 5991 2982 Chöre, wie der Sologesänge. Namentlich zeigen die
1536 2926 5969 3199 letzteren eine grosse Präcision der Conturen: kann an
1530 3177 5975 3468 ihnen auch die Grundform der Arie, die Dreitheiligkeit,
1547 3456 5969 3708 wahrgenommen werden, so erscheint sie doch mehr
1547 3696 5980 3970 angedeutet, als wirklich ausgeführt. Theils bedingte dies
1536 3925 5969 4216 der Text, der in den einzelnen Versen wenig Gegen¬
1530 4177 5991 4478 sätzliches bietet, theils der allgemeinere Verlauf des
1558 4422 5991 4724 Werkes, das seiner Natur nach rasch und entschieden
1513 4651 6003 4953 vorwärts schreitet. — Ebenso sind die Chöre, vielleicht
1508 4958 5997 5232 mit Ausnahme des ersten, sehr gedrängt und compakt
1569 5243 5986 5461 gehalten und legen ein vollgültiges Zeugniss ab, wie
1541 5455 5975 5785 sehr Bach unter Umständen der Selbstbeschränkung
1541 5684 2362 6025 fähig war.
1960 5963 5963 6237 Die Behandlung der Singstimmen ist im Allge¬
1536 6159 5986 6483 meinen eine sehr glückliche und gelungene zu nennen.
1536 6421 5947 6723 Nirgends wird der Sänger genöthigt, die aussergewöhn¬
1541 6661 5740 7013 lichen Lagen seines Organes in Anwendung zu bringen
1547 6924 5980 7225 er kann sich vielmehr dessen Frische und Kraft bis an’s
1547 7225 5980 7477 Ende bewahren. Die Cantilenen sind meist leicht fasslich,
1530 7449 5952 7778 immer eindringlich, und erleichtern auch dadurch die aus¬
1569 7689 3406 8024 drucksvolle Wiedergabe.
1999 7901 5991 8230 Das Orchester bietet dessgleichen keine namhaften
1536 8203 6003 8510 Schwierigkeiten: mit Ausnahme der Trompeten, denen
1563 8465 5986 8850 allerdings Dinge zugemuthet werden, welche die heutige
