6654 10238
2527 639 3538 1089 29 6-
850 1083 5287 1555 Technik nicht mehr leisten kann, lässt sich Alles bequem
822 1433 1622 1783 ausführen.
1272 1699 5254 1983 Demnach wären dem Werke hinlänglich die Wege
850 1949 5259 2260 geebnet, in entsprechender Darstellung vor die Welt zu
822 2205 5259 2538 treten: hoffen wir, dass es nur dieser Andeutung bedurft
822 2455 5243 2721 hat, ihm zu diesem seinem guten Rechte zu verhelfen.
844 2705 5243 2999 Hohe Zeit dürfte es sein, der gänzlichen Verflachung
822 2927 5232 3254 des Geschmackes durch Wiederbelebung dieser und ähn¬
828 3199 5221 3482 licher Schöpfungen der älteren Kunst entgegen zu wir¬
828 3477 5215 3765 ken. Die Aufführung der Matthäus-Passion durch Men
861 3688 5271 4021 delssohn war eine epochemachende That, welche das im
839 3976 5232 4254 starren Todesschlafe liegende Lieblingskind der Bach’
844 4254 5287 4482 schen Muse zu neuem Leben erweckte — mögen solche
844 4454 5287 4760 Thaten an ähnlichen Werken des Meisters bald und in
850 4715 5259 4993 grosser Anzahl vollzogen werden! Das Kunstwerk ge¬
839 4993 5259 5232 winnt seine wahre Bedeutung erst, wenn es die Macht,
839 5209 5287 5487 die der Künstler ihm verlieh, vor aller Welt wirklich
844 5459 5287 5715 üben kann: dieser hat seine Pflicht gethan, mögen nun
833 5693 5271 6059 die, welche sich seine Nachfolger nennen, die ihre thun!
844 5937 5271 6326 Das Publicum kann durch solche Bestrebungen nur
866 6187 1611 6565 gewinnen.
1322 6365 5287 6787 Was nun schliesslich unsere Mittheilungen betrifft,
833 6709 5282 6992 fürchten wir fast, die Geduld der Leser hart in Anspruch
861 6959 5304 7270 genommen zu haben. Sollen sie aber einigermassen
844 7220 5287 7498 fruchtbringend wirken, dann müssen wir sogar noch
828 7453 5293 7720 fordern, ihre Stichhaltigkeit an der Partitur selbst zu
883 7681 5293 8009 prüfen. Diese wird dem aufmerksamen Blicke noch
844 7947 5232 8264 eine Menge Schönheiten offenbaren, die hier uner¬
872 8197 5287 8536 wähnt bleiben mussten, um unseren Erörterungen
861 8419 5287 8836 einen einheitlicheren Charakter zu bewahren. Sollten
