6692 10254
3264 574 4313 1066 à 30 ces
1568 1033 5986 1441 diese nun ein Geringes dazu beitragen, das öffentliche
1557 1403 5986 1684 Interesse dem Magnificat lebhafter zuzuwenden, so
1568 1651 5992 1944 würden wir darin reichen Lohn für die mancherlei Mühen
1574 1905 5992 2176 einer ungewohnten und wenig geübten Thätigkeit, die
1568 2126 5970 2441 sich nur einigermassen aus dem oben erwähnten
1552 2402 5992 2728 Schweigen der musikalischen Presse rechtfertigen lässt,
1574 2662 2297 2982 erblicken.
3501 3910 3717 4169 I
3612 4639 4567 4965 sont aussi une seule
4147 4893 4788 5219 [incompréhensible]
4766 5130 5202 5423 de cette
