6650 10221
1187 1040 5233 1447 Aus dem Verlage von F. E. C. Leuckart (Const.
774 1356 2464 1684 Sander) in Breslau.
1526 1921 4470 2306 Johann Sebastian Bach,
774 2170 5318 2594 Arien aus der Matthäus-Passion, mit Begleitung des
1215 2475 4532 2809 Pianoforte, bearbeitet von Robert Franz.
4171 2673 5199 2995 — Thlr. 25 Sgr.
949 2707 2424 2973 Drei Arien fürcepran
3781 2780 4052 2995 .
938 2916 2277 3159 Drei Arien für Alt
4086 2910 5120 3182 1 „ 5 „
944 3103 2351 3340 Drei Arien für Bass
2741 3108 3899 3357 ..........
4120 3119 4583 3329 1 „
4911 3125 5143 3374 „
797 3266 5227 3634 Cantaten im Clavier-Auszuge, bearbeitet von
1204 3509 2554 3820 Robert Franz.
938 3679 5193 3995 Nr. 1. Es ist dir gesagt, Mensch, was gut ist 2 Thlr. 20 Sgr.
955 3916 3351 4159 Nr. 2. Gott fähret auf mit Jauchzen
4131 3933 4696 4159 2 „
4934 4024 5126 4221 "
938 4097 3385 4340 Nr. 3. Ich hatte viel Bekümmerniss
4159 4092 4634 4351 4 „
4900 4176 5120 4391 "
944 4278 4086 4561 Nr. 4. Wer sich selbst erhöhet, der soll erniedrigt
1481 4476 1950 4679 werden
4182 4425 5148 4719 1 „ 25 „
944 4606 4668 4843 Nr. 5. O ewiges Feuer, o Ursprung der Liebe 2 „
927 4798 5137 5086 Nr. 6. Lobet Gott in seinen Reichen 2 „ 10 „
944 4979 2504 5284 Nr. 7. Wer da glaubet
3990 4984 5131 5335 . 1 „ 12½„
2424 5137 3594 5420 (Wird fortgesetzt.)
786 5374 5188 5657 Duette aus verschiedenen Cantaten und Messen mit Beglei¬
1221 5606 5199 5821 tung des Pianoforte, bearbeitet von Robert Franz.
932 5753 4414 6030 Nr. 1. Duett: „Herr, dein Mitleid, fein Erbarmen
4555 5821 5210 6126 22½ Sgr.
921 5990 4052 6188 Nr. 2. Duett: „Christe eleison " f. 2 Sophane
4544 6013 5137 6318 20 „
938 6166 4464 6459 Nr. 3. Duett: „Wenn Sorgen auf mich dringen“ für
1441 6335 2690 6572 Sopran und Alt
4521 6211 5103 6697 22½
932 6488 4476 6787 Nr. 4. Recitativ und Duett: „Komm mein Jesu
1430 6691 3769 6951 und erquicke “ für Sepran und Bass
4532 6635 4832 6974 20
4871 6646 5109 7030 "
916 6804 4425 7092 Nr. 5. Duett: „Et in unum Dominum Jesum Christum
1430 7041 2876 7296 fürcepran und Alt
4532 6945 5103 7352 17½ „
916 7154 4476 7533 Nr. 6. Duett: „Domine Dens, agnus Dei“ fürcepran
1447 7414 2475 7663 und Alt
3509 7443 4391 7657 ..........
4538 7369 5126 7669 17½ „
1226 7578 5188 7816 Bei dem stets wachsenden Interesse an Bach'scher
780 7725 5188 7980 Musik wird die Herausgabe dieser trefflichen Bearbeitungen dem
786 7940 5205 8121 ernster strebenden Publikum um so willkommener sein, als ihm grade
791 8098 5193 8273 dadurch das beste Mittel geboten wird, die vollendetsten
780 8228 5216 8426 Kunstschöpfungen Bach's genauer kennen, würdigen
780 8364 2758 8635 und geniessen zu lernen.
