28183 21283
4479 2090 9953 2936 züglichsten Kirchen - Compositionen
15353 1966 25306 2899 geboren und in frühen Jahren bereits in Rom als Capellmeister an
10102 2252 11745 2886 es 16. und
11707 2140 12964 2861 17. Jahre
13349 2239 14432 2886 underts,
24211 2774 25094 3396 In The
4889 2812 11732 3284 welchen sich mit der hohen und strengen
15639 2799 23775 3322 Gioranni im Lateran beschäftigt, hat er doch den grö¬
4553 2824 4790 3247 in
11695 2725 12989 3372 technik
12989 2824 14469 3434 wie sie
15303 2886 15676 3322 S.
5810 3210 8796 3894 meübt wurde, jener in
21237 3197 24833 3882 ister Alberts V. und sein
9318 3210 14345 3844 fromme, sich an die Kirche an
20752 3347 20964 3807 n
15315 3272 20366 3894 seines Lebens in München als Capitel
5275 3782 9555 4317 liegende und in ihr lebende Sie
15328 3844 25281 4367 Nachfolgers zugebracht. Wie er überhaupt zu den bedeutendsten
4466 3807 5026 4342 schü
9953 3745 14320 4404 verbindet, welcher das wirk
4541 4193 14482 4827 liche musikalische Gebet hervorzubringen im Stande ist. Das wäre
15651 4205 25243 4852 ld geistvollsten Componisten gehört, welche die Geschichte der
15340 4342 15589 4790 u.
15315 4703 25231 5288 Musik aufzuweisen hat, wie seine Compositionen überall von einen
4466 4690 10364 5487 denn am dringendsten heute zu thun, jene
11471 4703 14419 5350 nen Gesänge, welche,
10376 4703 11222 5263 ne fron
4479 5151 9692 5773 obwohl ehedem der Gegenstand
10264 5200 12814 5823 grössten Bewund
12802 5250 14208 5847 erung, in
18562 5163 24783 5910 m und einer Kraft der Gedanken zeugen,
15353 5200 18562 5910 Tiefe, einem Reichthu
9816 5375 10276 5723 er
20453 5648 25256 6308 gerissen wird, so lässt sich auch
4479 5686 14482 6295 zwischen durch die äusserlichen Fortschritte der Kunst und die
16895 5711 20391 6382 gerechtem Erstaunen hin,
15303 5723 16709 6357 man von
17704 6146 23377 6855 seinen manchfaltigen kirchlichen Gesän
23414 6208 25218 6818 gen ein war-
4466 6196 14382 6780 manchfaltigen weltlichen Entwicklungen derselben vollständig in
15315 6183 17741 6843 insbesondere in :
4479 6619 7975 7328 den Hintergrund gedränger
8236 6644 14407 7315 5, und der Vergessenheit überliefert worden,
15315 6731 25256 7315 mes religiöses Gefühl, eine tiefe, innige Auffassung des heiligen
4466 7067 12354 7689 sind, wieder hervorzulangen und zur Geltung zu
15402 7228 25218 7763 Wortes durchgängig nicht verkennen. Unter vielen Messen denn, die
12653 7104 14407 7813 lingen, nicht
4442 7602 14407 8149 bloss um ihrer selbst willen, sondern auch und insbesondere, um
15303 7639 25069 8236 mir von diesem grossen Meister zu Gebote standen, habe ich ein
15328 8112 25218 8784 einfache, vierstimmige gewählt, welche, da ihre Stimmen genau die
4616 8161 14395 8684 in ihnen Beispiel und Muster hinzuhalten, an welchen die verirrte
5474 8609 14432 9231 Kirchenmusik sich wieder zurecht finde und regenerire.
15315 8560 25256 9132 heute gewöhnliche Stimmlage haben und auch sonst keine besonderen
4479 8647 5474 9182 heutige
15290 9057 25169 9692 äusseren Schwierigkeiten vorkommen, vorzüglich geeignet erscheint
4553 9070 8833 9754 Erhalten ist von diesen Comp
8833 9095 14419 9667 positionen, wenn man sich nur um sie
4976 9580 11533 10127 sieht, eine unglaublich reiche Menge: es kon
17592 9592 22656 10152 rossen und kleinen Kräften, aufge
23327 9567 25181 10276 zu werden
15315 9592 17306 10214 überall, mit
11894 9605 14345 10214 nur darauf an,
15303 10090 23414 10712 Bei der Umschrift aus dem alten Drucke (sie ist ger
24273 10177 25156 10762 en aus
4417 10090 11210 10662 sie der heutigen musikalischen Welt zugängli
11483 10053 14370 10699 zu machen. Dazu
4454 10563 9318 11197 scheint aber nicht zu genügen,
9306 10538 14395 11122 vas bei der von Zeit zu Zeit statt-
15303 10550 23713 11234 einem Pariser Drucke vom Jahre 1607) habe ich erstli
23738 10525 25206 11222 an den
19446 11023 23850 11757 geändert; diejenigen Versetzun
4442 11110 9965 11670 findenden Edirung einzelner Composi
10028 11023 12814 11670 tionen jener Zeit
15253 11073 19408 11695 Noten nichts und nirgendwo
23813 11073 25181 11695 gszeichen.
12814 11073 14357 11645 gewöhnlich
18525 11508 24994 12143 ühern Schreibweise fehlen und hinzugefüg
4591 11521 14283 12105 nur zu geschehen pflegt: die alte Originalaufzeichnung in die heu
15315 11533 18289 12155 welche nach der
4417 11993 9455 12603 tige Schreibweise zu übersetzen —
9717 12080 14370 12628 nicht bloss äusserlich, sondern
15290 11956 23514 12640 werden müssen, habe ich abgesondert oberhalb des Li
23514 12056 24820 12703 iniensyste
5798 12441 14370 13163 erlich müssen jene alten Gesänge der Gegenwart nahe
15241 12516 19085 13150 drucken lassen; alsdann
19085 12491 25206 13200 habe ich die heute für die einzelnen
4392 12553 4728 13026 au
6706 13026 14320 13536 sen studirt, bearbeitet und interpretirt werden. Der¬
15278 12989 25194 13524 Stimmen gebräuchlichsten Schlüssel angewandt und die Notenzeichen
4491 12951 6382 13636 gelegt, sie mi
5263 13461 8759 14133 , welcher das Bedürfn:
9978 13424 12479 14096 die Gelegenheit
9144 13474 9667 14034 un
12715 13412 14370 14096 gehabt hat,
17156 13611 25131 14171 pelte verkürzt, weil die Beibehaltung der frühern Schreib
4516 13573 4902 14133 jen
15241 13536 16908 14121 um das Do
4628 14046 14382 14594 ene, in einem von der heutigen Weise vollkommen abweichenden
15265 13959 20852 14606 weise ohne Nutzen die heutige Ausflü¬
23439 13984 25206 14581 um Einiges
21834 14034 22170 14519 it
15241 14519 25181 15066 unbequemer macht. Ausserdem und aus demselben Grunde habe ich
5325 14407 13026 15141 geschriebenen Compositionen näher zu studiren,
13312 14444 14370 15029 ss dem
13014 14544 13213 14917 11
4367 14531 5312 15066 Style
5337 14880 14382 15589 er oder Liebhaber, dem die Zeit und das Material fehlt,
15241 15029 24509 15589 die heute gebräuchlichen Taktstriche, welche sich im 16. Jahr
4354 15017 4678 15527 M
4342 15353 11023 15999 zugleich die Resultate seiner Studien mitzut
11297 15390 14345 16074 ilen und ihn ganz in
15241 15427 20827 15975 dert nirgendwo angewandt finden, hin
20802 15377 24683 16062 zugefügt. Die heutigen Särz
24882 15539 25069 15999 ge
16510 15875 20914 16559 gewohnt daran, dass die Ein
21698 15950 25106 16534 ohne sie zu sehr er
5959 15950 7701 16572 jener Gesän
7701 15975 14245 16559 ge einzuführen suchen. Diese Ueberzeugung
15228 15937 16422 16534 sind so
20988 15975 21424 16510 bus
4392 15900 5934 16547 den Geist
8074 16385 10426 16970 gabe dieser Mess
15191 16360 25094 17020 schwert sein möchte. Ich rathe aber da, wo ein Chor längere Zei
10625 16410 14345 17057 geleitet, womit ich mein
4330 16398 8099 16995 hat mich bei der Herausg
17903 16908 20628 17530 sitionen Umgang
4342 16908 13312 17517 Schärflein zu dem, was Noth thut, beizutragen beabsichtige.
15191 16858 17741 17505 mit solchen Comp.
21225 16895 25144 17542 gt, nach und nach sich da¬
20640 16858 20939 17505 of
10426 17380 14295 18015 tändige Messe von einem
5014 17368 10413 18015 Zunächst habe ich denn eine volls
15228 17405 25019 18040 von zu emancipiren. Eine der Beilagen, das ave Maria von Arca
18438 17866 25156 18425 gen seiner Einfachheit vorzüglich dazu eignete,
15191 17841 18425 18500 delt, welches sich weg
4927 17891 13884 18450 ster gewählt, der uns, dem Norden, näher angehört und nä
4342 17853 4603 18388 1
14059 17990 14283 18525 er
18264 18301 22481 19085 ohne Taktstriche drucken la
15153 18301 18289 19147 habe ich probeweise
22519 18326 25119 19085 ssen. Die heutigen
11595 18351 14133 19110 dennegau, zu Monsieur,
4952 18388 11035 19147 t, Rotand de Lattre. Denn, obwohl im
11011 18363 11508 19097 H
4330 18351 4653 19010 lie
25 21088 212 21212 I am rerkentlich
