28000 21733
21415 1908 23922 2731 dann aber der
18497 2021 21328 2781 beiträgt, declamirt
18160 2120 18484 2769 n
4079 1971 10676 2894 und seitdem, wie Vieles sich auch sonst geä
16139 1983 17437 2756 der St.
14917 1983 15890 2806 Theilu
12011 2070 13495 2794 nicht aus
14867 2557 24296 3205 »Jesum Christum« so recht ausdrücklich, wie für sich stehend,
6087 2632 8032 3205 gekommen ist.
4066 2644 5563 3305 Anwendung
15990 3143 24858 3779 geschlossenen Accorden, die prägnant und würdevoll, aber doch
4740 2968 14019 3667 Credo. In diesem Theile der Messe, welcher wegen der
14892 3093 15341 3654 lam
15603 3268 15915 3617 en
14867 3629 24895 4216 fromm und milde, vorgetragen sein wollen, hervorgehoben. Filium
4029 3542 7446 4253 Menge und Verschieden
7409 3592 12423 4291 artigkeit seines Inhaltes vorzüglich
12410 3642 14019 4241 die Probe
16751 4091 24908 4690 wieder durch festen klingenden Accord hervor, Dei
4041 4116 13944 4715 des Kirchencomponisten bildet, ist dem einzelnen Inhalte fortlau¬
14892 4091 16401 4702 Dei sprin
18285 4590 24758 5176 genen Ton nebst ernstem Accordenwechsel
4029 4565 6635 5251 fend sein volles
6585 4552 12310 5251 Recht wiederfahren, ohne dass darum
16875 4652 18210 5251 den gezo
12273 4577 13982 5176 das Ganze
14892 4627 16913 5189 wird durch
22139 5064 23947 5650 getheilten St.
14905 5089 22126 5663 dann der »Eingeborne« durch schärfste, von den
4079 5001 13545 5650 auseinanderfalle, in viele uutereinander fremdartige Theile; je
13583 5039 14007 5700 des
24209 5563 24820 6087 ortes
17062 5638 24197 6161 gesungene Betonung der einzelnen Theile des W
4029 5538 13994 6199 Einzelne hat auf das Sorgfältigste seinen bedeutsamen Ausdruck
14979 5525 17012 6136 gegeneinander
21490 6037 24870 6685 ntlich das Patre nicht
4116 6062 12946 6660 gefunden und doch wird Ein frommer Ton des gläubigen E
14905 6012 20667 6698 bezeichnet, bei et ex Patre natum
12996 6112 13919 6635 Bekennt.
16701 6561 24870 7122 ere Hervorhebung vorbeigelassen und mit den Worten
4465 6473 10439 7197 ses von Anfang bis zu Ende festgehalten.
4016 6573 4440 7097 nis
14905 6585 16152 7209 ohne bei
10639 6511 14019 7197 — Nachdem der Priester
19707 6997 24820 7583 geschlossenen Terzen grade auf das
14917 6997 19707 7658 ante omnia secula durch die in
4029 6985 8070 7696 credo in unum Deum ges
8070 6985 14019 7720 ungen, fährt der Chor fort mit Patrem
20218 7533 23960 8169 genden beiden oberen St
24359 7558 24833 8070 uen
14992 7434 20156 8157 Wort omnia hin in die Höhe stei
4041 7608 13982 8120 omnipotentem, wobei die Melodie des Thema's in hervorhebender
14905 7970 24870 8506 welche der Tenor in gleicher Weise und mit gleichem Ausdrucke
4029 8007 13994 8606 Declamation des omnipotentem benutzt wird; bei den Worten fac¬
14917 8494 24795 9092 nachahmend (in beiden Fällen muss lebhaft zu dem stark hervor
4029 8481 14019 9192 torem coeli et terrae wird zuerst der »Schöpfer« in kräftig markirten
15092 9055 24883 9616 gehobenen omnia aufgestiegen werden,) soviel diess so im Vorübergehen
4103 9030 13957 9541 Tönen der sich imitirend folgenden Stimmen, in vom Thema genom
14917 9517 24845 10028 geschehen kann und darf, in die weite Ewigkeit zurückgewiesen
4079 9517 11113 10165 mener Melodie, so prägnant wie möglich
11076 9479 12847 10103 bezeichnet
12834 9454 14044 10128 . dann
14905 9978 24833 10514 Diese Periode der drei oberen Stimmen hat ihren sich niedersen
4054 9928 9429 10527 steigt zu dem Worte coeli der So
9479 9953 14019 10627 pran in einem von höhern und
14905 10390 24908 10938 kenden Schluss noch nicht ganz zu Ende geführt, da setzt der Bass
4066 10539 14019 11088 tiefern Terzen des Tenors umflochtenen, mit freiliegenden, von
4091 10913 7920 11649 dem tiefbleibenden Alte
14917 10926 24920 11574 mit ernstem Klange das Deum an, in die Höhe hinauf wird es
8207 10938 9704 11475 der Bas,
9828 10938 14057 11562 war ganz zurück geblieben
14942 11425 24933 11999 erwiedert, von dem Tenor sofort auf hellem Tone, dann von den
4652 11462 11325 11986 weit entfernten und dadurch noch mehr
11412 11412 14057 12048 tirkenden Laufe in
16776 11899 24808 12485 men mit lebhaftem Accente allerseits, eine neue period
4079 11911 14019 12535 die Höhe und lässt sich mit demselben, während der Bass tief unten
14942 11961 16514 12547 oberen Sti.
4103 12435 13408 13034 einfällt, wieder zu der »Erde,* welche nun von allen Stin
20854 12348 24945 13071 pabgestossenen Accorden wird
14942 12385 20555 13009 steht wieder aufgerichtet da, und mit kna¬
13720 12423 14057 12996 des
4128 12859 14069 13483 wie in der Tiefe gesungen wird. Das »Sichtbare alle« wird durch
22413 12909 24895 13545 vorgetragen; wie
20505 12884 22450 13470 prägnant
14967 12909 20405 13545 das de Deo von den vereinten Stimme
4091 13333 6161 14007 den Einklang
6112 13383 14019 13907 der Stimmen auf visibilium und die durch Rhyth
18397 13346 24933 13994 musikalisch, gleich gestaltet folgt lumen de
14930 13346 18297 13994 rhetorisch, so auch in
4016 13907 14019 14443 mus und Harmonie vereint bewirkte scharfe Betonung des omnium
14917 13882 24920 14456 lumine, was um so heller hervortritt, da es von den Vorhergehenden
6461 14318 10589 15029 , von dem »Unsichtbaren
4054 14343 6436 14979 hervor gehoben
10664 14343 13994 14967 aber tritt der unter
15516 14393 24459 14967 egliedert ist durch etwas, was sich in diesen alten Compositio
14942 14393 15279 14905 ab
5475 14867 6660 15441 le Anfan
8394 14855 10190 15466 kräftigem.
7059 14917 8369 15428 zwar mich
10140 14817 13807 15478 , wie in die Weite hin
17387 14892 24858 15453 einstellt, durch eine, wenn auch nur augenblick
14917 14892 17187 15503 nicht allzuhäuf
4128 15316 8269 16015 weisendem Tone hervorgeho
8319 15316 13246 15965 hen, dann aber schon mit der a
13246 15316 14007 15902 bstei.
18384 15391 24933 15940 , durch welche namentlich auch das klare
16327 15354 18409 16015 gemeine Pause,
14930 15354 16227 16002 liche all¬
4166 15803 14069 16426 genden Formel des Basses wird es zurückgehalten, immer ruhiger
14942 15890 24933 16476 Hervortreten des Wortes lumen unterstützet ist. Der dritte dazu
4079 16364 14019 16913 und mit unerwarteter, wie in weite Ferne führender Accordenfolge
15054 16339 24933 17012 gehörige Abschnitt »wahrer Gott von wahrem Gotte« breitet sich
5101 16825 11512 17374 ner behutsamer, zuletzt ganz leise verschwim¬
4079 16800 4952 17449 die in
11599 16788 14032 17462 nend vorgetragen
15179 16913 24895 17437 anz analog wieder den Worten weiter aus und lässt sich, nach
4328 17349 6049 17923 erden muss.
6112 17374 14081 17948 wird das Unsichtbare poetisch angedeutet. Auf dem
14979 17312 24920 17911 dem das beidesmalige verum von den getheilten Stimmen wiederholt
4054 17748 14044 18347 nun folgenden langen Et geht es wieder zu dem früheren Ton und
14979 17811 24883 18360 nachdrücklich betont ist, zu einem kleinen Ruhepuncte nieder. Die
4066 18247 9329 19083 Rhythmus über; dominum wird et
9454 18260 14081 19070 nst und breit, wozu auch die
15029 18285 16164 19145 Worte
16227 18260 24084 18971 jenitum non factum consubstantialem Patri, werden
