27558 21233
13911 1633 22063 2605 Stimmen (wieder nach der Melodie des Thema's, welche
2992 1645 12964 2605 und nun festhervortretend: resurrectionem, aber wieder ernster und
22026 1882 23434 2630 des überhaus
3054 2406 12976 2979 einen ruhigen Schluss bildend: mortuorum; mit seiner letzten
13874 2468 23858 3017 in freierer Umschreibung dem ganzen Sanctus bis zu pleni sunt
5921 2979 13013 3503 der dreitheilige Takt ein, dessen Grund und
3029 2917 4662 3553 Silbe tritt
13874 2967 23808 3490 coeli zu Grunde liegt) weiter mit den Worten dominus deus Saba¬
4612 2917 5971 3528 plötzlich
14297 3490 23708 4026 i, welche dadurch, dass die Stimmen nacheinander canonisch ein
3041 3390 13001 3976 Effect der ist, dass nun (unter Benutzung des diesem Rhythmus an¬
13886 3453 14335 4064 oth
13886 3902 22125 4500 treten und zwar zuerst die beiden tiefern, denen sich
5883 3914 13001 4425 welches seinen Accordenwechsel grade mit den
3191 3914 5921 4562 gepassten Thema’s,
22188 3964 23808 4550 dann der
3602 4438 11892 4986 vorzuhebenden Silben zusammenfallen lässt) mit freudig
13886 4325 16566 5061 Alt einflechtet, und
3041 4462 3565 4924 her
16529 4338 20879 5023 im obere Stimme zu werden
20829 4388 23621 5086 bis auch über ih-
11954 4425 12939 4949 ger und
2979 4874 12939 5472 klangreicher Feierlichkeit die fröhliche Aussicht auf ein zukünftiges
13886 4911 21053 5485 wieder der Sepran aufsteigt und unter Zurückläge
21864 4924 23746 5547 des Basses
21303 4936 21851 5472 sung
13861 5397 21028 5946 das Thema in die Höhe führt, in glänzendem,
3041 5397 12889 5883 ewiges Leben und das das Ganze besiegelnde Amen besungen wird
21028 5397 23833 6021 wie zweichörigem
13836 5908 23833 6457 Aufsteigen sich entfaltet, bis endlich alle Stimmen zusammen, gleich
3041 5846 12939 6482 welches von dem drittletzten Takte ab, so recht mit dem abschlie¬
2992 6419 12914 6993 senden, den Schluss und die vollständige Beruhigung vorherverkün¬
13849 6382 23596 6856 den nun vereinten Chören, dieselben Worte inbeso nders reicher un
13849 6806 23521 7379 kräftiger (namentlich bei dem wiederholten dominus deus fest und
3004 7005 12926 7491 denden Tone und der entsprechenden langsam auslaufenden Bewe¬
13874 7379 22100 7928 wo Sophran und Tenor sich in Achtelgänge ausdehnen,
22063 7367 23796 7965 breit vor¬
3066 7342 7728 8052 gung vorgetragen werden muss.
13824 7816 23359 8339 zutragender Accordenfolge zu der in dem Thema liegenden Schl
6831 7691 12926 8401 d benedictus. Dieser Theil der Messe
3627 7791 6681 8464 Sanctus, osanna un
13849 8364 23409 8900 formel hinleiten, welcher hier die Mittelstimmen, wie einen fromn
2979 8302 12839 8838 beginnt mit dem in tiefer, feierlicher Frömmigkeit entfalteten Sanctus
23372 8389 23821 8925 5,7
14061 8750 21365 9299 Nachklang, eine zweite anfügen, zugleich der Ueb
13824 8800 14048 9324 N
21353 8875 21938 9411 perga
3041 8800 12864 9299 welches hier, obwohl nicht selbstständig, doch dasjenige Wort ist
22287 8838 23846 9436 zu pleni
3041 9299 5372 9897 welches die begr
13824 9261 21091 9810 sunt coeli, was der Sophran, in den Schlusston
5335 9386 12901 9860 geisterte Anbetung, um sich zu genügen, nicht er¬
21141 9261 22337 9935 einfallen
22325 9299 23821 9997 ad, lebhaft
13824 9785 23808 10408 einsetzt. Wie nun die Stimmen zu den Worten pleni sunt coeli,
2979 9773 12964 10383 müdet zu wiederholen. Während die drei untern Stimmen dasselbe
15270 10209 21190 10982 de Stufen in die Höhe steigen, unter bes
13836 10159 15295 10882 über viele
21278 10246 23833 10919 tändiger lebhafter.
2954 10246 6644 10869 in der gewähltesten Mar
6955 10296 12901 10869 gfaltigkeit der Harmonien wie der rhyth¬
13836 10720 17999 11381 rhythmischer) Accentuirung,
22113 10782 23796 11356 sanft her-
18062 10732 22163 11381 wie sie dann sich wieder
2954 10782 12914 11356 mischen Gestaltung, wie sie vorzüglich jenen Zeiten der blossen
13824 11218 19607 11792 niederlassen, um auch die Erde ruhig
3041 11231 12914 11842 Votalmusik eigen ist, auf und abwogend wiederholen, schwebt über
19570 11256 22262 11892 g und wie in den
22238 11231 23821 11829 Tiefe zu
13836 11705 20891 12241 bezeichnen, das sieht selbst das Auge des Le
2992 11692 8489 12365 ihnen, wie der Eine Hauptgedanke,
21141 11717 23771 12353 ers ; es wird dies
8451 11717 11443 12378 , in welchem Alles
11405 11705 12901 12328 , was das
13836 12178 16416 12851 aber nicht sowohl
16404 12228 23846 12814 als eine äusserliche Malerei anzusehen und zu
3041 12253 12403 12814 Gemüth in der Tiefe reich bewegt, seine Einheit findet, der So
12415 12253 12939 12839 bran
14833 12752 23783 13263 vielmehr als eine begeisterte Schilderung des nach allen
13849 12664 14896 13263 tadeln,
3004 12739 11094 13250 mit seinem zweimaligen, weitgedehnten: heilig! heilige
12615 12702 12914 13238 le-
11094 12702 12465 13338 g! (die 1
13836 13213 23359 13761 Seiten hin vom Ruhme des Ewigen erfüllten Weltalls anzuerten
23372 13300 23771 13761 5,2
2954 13238 12976 13749 lodie hängt wieder mit dem Thema zusammen, nur dass hier zu
14011 13674 16217 14285 und nachzuempf
16167 13674 23185 14235 finden sein. Nach dem tiefen Worte terra spa
4051 13724 12702 14272 und c Accorde noch der feierliche f Accord und was m
2992 13774 3814 14260 dem
14422 14198 23384 14671 plötzlich hell und scharf und hoch und wie von allen Sei
2954 14173 5622 14783 ihm zusammenhän
5622 14160 12839 14746 gt, zu Hülfe genommen ist,) zwei Ausrüfe, welche
2992 14659 7030 15295 durch die Mittelstimmen —
13849 14609 15918 15332 hervor: das 9
15905 14646 19757 15245 gloria tua, und spriesst u
7267 14621 12939 15307 den Alt und den Auftakt des Tenores.
19832 14646 23783 15307 and wuchert, gloria überall
3017 15145 13001 15718 — sanft miteinander verbunden, einander so folgen, dass der
13849 15083 18087 15743 mit scharfer, tua mit bedeuts
18473 15145 22076 15743 er Declamation auszeichnet
22063 15195 23110 15781 uend ;
13849 15606 16728 16229 beständigen, wie v
16728 15669 16940 16229 1
17551 15606 21253 16242 tiges Echo erklingenden,
17252 15644 17563 16155 ilk
21889 15656 23260 16242 tationen
2992 15656 12777 16142 zweite, äusser durch die höhere Tonlage und die schnellere Au
17488 16092 21178 16716 & alle müssen bei der Au=
14584 16080 17189 16728 men unter einande
13836 16080 14447 16666 Stin
21839 16167 22250 16691 durch
2979 16192 12939 16728 einanderfolge, auch dadurch, dass beim zweiten der Bass die langen
22499 16117 23521 16740 deutli
23521 16254 23733 16641 c1
2967 16641 12814 17252 Töne des Sophranes mit seiner Terz begleitet, eine glänzende Stei
13824 16603 23796 17152 hervortreten, namentlich auch, wie die Stelle auf dem zweiten tua
14160 17077 17576 17713 Sopran im folgenden
17563 17077 20854 17713 Takte von dem Ten-
3129 17065 7666 17763 gerung des ersten ausmacht. Zwis
21527 17090 23708 17713 wiederholt wird
7666 17052 12216 17763 schen dem langen feierlichen Sch.
16554 17551 22300 18199 gleichsam von dem mächtigen, von Wec
13874 17563 14921 18137 bis dies
2942 17675 12926 18274 tone dieses Einganges, dessen Vortrag sich im Ganzen nach den
15108 17601 16229 18211 Jubel.
22961 17650 23222 18211 tes
4824 18037 6656 18847 gebildeten
17090 18037 17414 18810 T
13861 18037 15506 18847 zwischen S
3041 18124 4076 18847 vom Se
6818 18049 8052 18772 crioden
18062 18037 19857 18772 dem auch
20056 18149 20268 18747 r.
16018 18062 16641 18747 an u.
8214 18024 10583 18810 chten muss, schl
10894 18124 12752 18835 ten die unter
17663 18162 17999 18847 or
23384 18199 23609 18623 ein
