2866 3869
301 401 1347 456 Stücke aus den zweihundert der Wiener Ausgabe beschränkt,
302 449 1348 498 von denen ich je sechs zu einem Hefte in Form der suite zu
300 492 1350 543 vereinigen praktisch fand. Die Gedrängtheit und Kürze aller
306 547 1346 579 seiner Compositionen befürwortet einen Vortrag derselben in
297 576 1352 623 einer gewissen Reihenfolge. Die gewohnte planmässige Ab-
302 622 1352 661 wechselung in dieser Reihenfolge begegnete aber einem ausser¬
300 666 1358 712 gewöhnlichen Hindernisse. Auf Adagios, auf langsame lyrische
294 708 1358 756 Stücke hat sich Scarlatti fast gar nicht eingelassen, sei es, dass
296 754 1355 797 ihn sein musikalisches Naturell und sein Victuosentemperament
297 796 1352 841 davon fern hielt oder das verständige Bewusstsein des beschränk¬
294 840 1356 884 ten Ausdrucksvermögens der tonlosen Tasteninstrumente seiner
300 875 1355 926 Zeit. Ich war also bemüht, einen Ersatz durch Mannigfaltigkeit
294 927 1356 982 der Tactart und charakteristischen Stimmung anzuordnen, und
300 967 1348 1008 habe mir auch gestattet, Stücke aus verwandten Tonarten auf-
290 1014 1360 1059 zunehmen, wie dies zwar bei der dreisätzigen Sonate stets
300 1054 1362 1097 üblich war, dagegen bei der Bach'schen und Händel’schen Baite
306 1097 1352 1142 ausgeschlossen. Charakteristische Ueberschriften für die einzel¬
294 1141 1346 1188 nen Stücke schienen mir nothwendig: der Gattungsbegriff „So-
314 1185 1356 1233 nate", d. h. Klangstück — zum Unterschiede von „Cantate“,
288 1225 1360 1275 Sangstück — hat wie jeder allzu weit gefasste Gemeinbegriff
297 1273 1355 1319 einen Beigeschmack physiognomieloser Langweiligkeit, von der
302 1315 1346 1359 sich das Publikum im Allgemeinen leicht abstossen lässt, wäh¬
300 1360 1358 1404 rend durch eine unschädliche Aeusserlichkeit, wie die bestimm¬
317 1403 1366 1451 terer Erkennungszeichen durch besondere Titel, dem Interesse
314 1446 1358 1493 Vorschub geleistet werden kann. So viel betreffs des For-
310 1497 1354 1533 mellen der Anthologie. Bevor ich über meine kritische Be¬
312 1531 1367 1576 arbeitung des Inhalts einige Worte der Erläuterung sage, dünkt
309 1576 1360 1624 es mich angemessen, den Leser betreffs des mir vorliegenden
309 1621 1364 1663 materials „au fait“ zu setzen, namentlich betreffs seiner von
309 1663 1364 1711 mir Eingangs dieser Zeilen behaupteten Zureichendheit für eine
314 1705 1331 1751 historisch-Kritische Würdigung des Autors und seines Styles.
381 1751 1370 1798 Die Haslinger-Czerny’sche Gesammtausgabe, trotz des für
313 1798 1346 1850 ihre Verbreitung gefährlichen Volumens, ist selbst gewisser
312 1835 1367 1882 massen nur ein Exerpt aus dem handschriftlichen Schatze des
314 1879 1356 1925 berühmten eifrigen Sammlers Abbate Fortunato Santini in
309 1923 1358 1966 Rom. Desselben collection Scarlatti’scher Klavierstücke zählte
294 1970 1358 2014 349 Nummern, wie der in seinen Angaben höchst zuverlässige
312 2010 1360 2061 Fétis (Biographie universelle des musiciens) und der russische
309 2053 1358 2107 Musikschriftsteller Wladimir Stassoff in einer 1856 in Folo-
309 2097 1358 2143 renz edirten Broschüre über die Santini’sche Bibliothek überein¬
306 2145 1368 2192 stimmend aussagen. Santini, dessen hoher Verdienste bereits
306 2183 1358 2230 Thibaut in der bekannten 1826 erschienenen Schrift „über Rein¬
302 2226 1355 2275 heit der Tonkunst“ erwähnt und den Fétis an unzähligen
297 2271 1360 2317 Stellen seiner Encyclopädie als Gewährsmann anführt, wurde
312 2310 1354 2361 von den Wiener Unternehmern um Mittheilung seiner Samm-
312 2355 1358 2398 lung angegangen, welchem Verlangen er unter der ausdrück-
312 2399 1355 2448 lichen Bedingung entsprach, dass seiner Gefälligkeit keine
309 2444 1358 2489 öffentliche Belobung ertheilt werde. Man darf unbedenklich
300 2488 1352 2540 Czerny’s Urtheilsvermögen so viel Vertrauen schenken, um an-
312 2540 1360 2583 zunehmen, dass er kein Quidproquo in der Auswahl begangen
302 2576 1355 2628 und den von ihm unbenutzt zurückgelegten 149 Stücken nur
309 2612 1360 2664 eine untergeordnete Bedeutung beizulegen ist. Es bliebe nun
300 2660 1359 2706 noch zu ergründen, ob die Santini'sche Sammlung einen Anspruch
300 2703 1348 2754 auf approximative Vollständigkeit erheben könne. Die Nach¬
309 2758 1356 2801 richten von der grossen Productivität des alten Meisters, von
312 2798 1358 2846 seinen vielen Reisen und den mehrjährigen Stationen, die er
309 2833 1352 2889 z. E. in Venedig, London und Lissabon gehalten, und die zwi¬
309 2872 1355 2928 schen die Hauptabschnitte seiner Ansässigkeit in Rom und für
317 2929 1355 2972 die letzte Hälfte seines Lebens in Madrid fallen — könnten
309 2963 1355 3015 erhebliche Zweifel daran erwecken, indem sie die ausserordent¬
314 3005 1360 3059 liche Schwierigkeit der Vereinigung der vielfach zerstreuten
317 3055 1355 3114 Documente seines Schaffens in Einer Hand veranschaulichen.
1390 396 2441 457 Abbate Santini war aber ein Fanatiker in der Verfolgung
1392 451 2438 498 seiner Lebensaufgabe und dass er sich nicht begnügt, die in
1390 491 2438 543 Rom befindlichen Manuscripte seiner Bibliothek einzuverleiben,
1395 535 2438 582 dafür sprechen eine Menge thatsächlicher Einzelnbelege, unter
1395 579 2131 625 denen ich nachfolgende kurz erwähnen will.
1455 611 2437 665 Das Stück No. 124 der Wiener Ausgabe — ich habe das¬
1395 659 2424 712 selbe unter dem Titel Bourrée der dritten Suite eingereiht —
1395 708 2437 756 stammt erwiesenermassen aus Aranjuez und aus dem Jahre 1754,
1399 750 2438 802 ist also drei Jahre vor seinem Tode (den Czerny irrthümlich
1399 793 2434 844 in das Jahr 1760 verlegt) componirt. Eine Sonate G moll 3/8
1402 844 2440 891 wird ferner von Chr. F. Michaelis im zweiten Bande seiner
1400 877 2438 927 Uebersetzung und Ergänzung von Thomas Busby's Geschichte
1399 923 2438 968 der Musik (Leipzig, Baumgärtner, 1822) als Beilage gegeben
1395 971 2441 1016 und bekennt der Uebersetzer, sie einem Hefte entnommen zu
1395 1012 2438 1066 haben, das den Titel führt: VI Sonate per il Cembalo solo,
1395 1063 2437 1106 composte del Sgn. Don Domenico Scarlatti, cavaliere di San
1395 1101 2430 1150 Giacomo in Madrid; alle spese di Giov. Ulrico Haffnero, suona¬
1395 1142 2441 1194 tore di liuto in Norimberga. Diese Sonate, die ich — beiläufig
1399 1186 2428 1236 gesagt — nicht bedeutend genug fand, um sie in meine An¬
1399 1229 2444 1273 thologie aufzunehmen, befindet sich in der Wiener Ausgabe als
1399 1273 2436 1327 No. 16, gehörte somit ebenfalls zur Santini’schen Sammlung.
1395 1316 2430 1362 Derselbe Michaelis erwähnt noch als in seinem Besitz befind¬
1395 1362 2437 1404 lich: XXX Sonate per il Clavicembalo, Dedicate alla sacra Real
1395 1399 2437 1454 Maestà di Giovanni V, re di Portugallo etc. da Don Domenico
1390 1444 2432 1494 Scarlatti—Amsterdam und berichtet darüber: auch diese So¬
1395 1485 2433 1535 naten bestehen nur aus 29 einzelnen allegro's und Presto’s, sowie
1395 1534 2438 1578 einer Fuge Moderato 3/8 u. s. w. Die hier bezeichnete Fuge ist
1395 1573 2438 1625 offenbar keine andere, als die aus F moll, welche ich in die
1392 1618 2430 1667 zweite Suite der Anthologie aufgenommen habe, das letzte
1407 1661 1855 1717 Stück der Wiener Ausgabe.
1467 1685 2436 1757 Aus obigen Daten, denen ich noch andere beifügen könnte,
1399 1747 2438 1802 glaubte ich zu Gunsten einer kritisch massgebenden Vollstän¬
1395 1791 2441 1836 digkeit der Santini’schen Sammlung bez. der Wiener Ausgabe
1395 1832 2430 1891 argumentiren zu können und diese letztere, mir allein zugäng-
1404 1878 2426 1925 liche mit gutem Gewissen für hinreichend zu meiner Orien¬
1404 1927 2255 1967 tirung über den Componisten betrachten zu dürfen.
1470 1955 2438 2013 Ich gehe nun über zum zweiten Punkte, zur Rechtfertigung
1399 2005 2438 2057 meiner Ansicht von der Nothwendigkeit einer kritischen
1395 2049 2426 2100 Bearbeitung des mir zu Gebote stehenden Stoffes. Gewisser-
1395 2093 2433 2141 massen könnte ich mich hiervon dispensiren, indem ich einfach
1395 2136 2426 2181 die Urtheilenwollenden auf die Vergleichung mit der Original
1395 2176 2433 2227 ausgabe verweise. Anderenfalls könnte ich nur die in meiner
1402 2220 2433 2271 Vorrede zu C. Ph. Emanuel Bach's Sonaten dargelegten Grund¬
1399 2271 2436 2317 sätze wiederholen. War jedoch bei beiden alten Meistern gleich¬
1395 2310 2433 2355 mässige Veranlassung zu specifisch-musikalischen Zuthaten und
1411 2354 2436 2399 Weglassungen geboten, so war dieselbe nicht immer von glei¬
1395 2395 2430 2458 chen Rücksichten dictirt, wovon ich eine kurze Erläuterung
1399 2440 1588 2504 geben will.
1470 2473 2436 2531 C. Ph. Em. Bach schrieb einen tadellos reinen musikalischen
1402 2524 2441 2572 Satz, instrumentirte aber bisweilen unerträglich leer, dünn und
1399 2569 2438 2620 skizzenhaft und missbrauchte namentlich in den langsamen
1399 2616 2436 2663 Sätzen die „agrémens“ und „flattés“ bis zum Ueberdruss;
1395 2656 2437 2706 Scarlatti wusste entsprechender für das Instrument zu setzen,
1399 2704 2436 2747 auch ist seine Erfindung markiger, conziser. Ohne ferner viel
1402 2742 2433 2793 Gelegenheit zu bieten, ihn als Polyphoniker zu bewundern, be¬
1390 2790 2436 2836 fleissigte er sich nicht selten einer beinahe die Grenzen des
1399 2836 2432 2877 Möglichen überschreitenden Vollstimmigkeit. Eine der stärk-
1395 2874 2428 2922 sten Proben dieser Tendenz, für welche die Bezeichnung „Feuer¬
1392 2913 2434 2965 lärm“ nicht unpassend gewählt sein dürfte, findet sich auf
1390 2949 2436 3004 S. 205 der Wiener Ausgabe, letzte Zeile. Ich copire sie, da sie
1392 2996 2434 3051 in ihrer, übrigens nicht unmethodischen, Tollheit den Leser
1390 3043 2436 3108 interessiren wird. Aehnliche Beispiele findet man S. 6, 84, 85,
