4075 5428
505 1320 3297 1479 N publiant cette importante sélection du premier opéra de Claudio Monteverdi, que la
639 1429 3297 1573 Schola Cantorum a eu l’honneur de remettre au jour après trois siècles d’oubli ou tout
649 1519 3286 1670 au moins de négligente indifférence, je n’ai pas eu l’intention de faire œuvre de musico-
397 1620 1407 1757 graphe, mais œuvre de musicien.
534 1717 3294 1883 Mon but n’est pas de présenter un fac similé de la partition originale traduite en notation
397 1829 3286 1944 moderne ; ce travail a déjà été fait assez exactement quant à la sincérité du texte, quoi qu’avec
404 1944 3279 2063 une parfaite absence de goût et une lourdeur bien allemandes, par Robert Eitner. (1) Un docu-
393 2013 3297 2143 ment de ce genre intéressant peut-être pour les archéologues, eut été de nulle utilité pour les
397 2121 3286 2226 artistes. C’est pourquoi, désireux de faire connaître ce chef-d’œuvre et de le rendre accessible à
408 2208 3294 2356 tous ceux qui aiment non-seulement l’archéologie, mais aussi la musique, j’ai pris la responsa¬
397 2302 3286 2431 bilité d’en publier une édition pratique, adaptée aux ressources instrumentales de notre époque.
530 2417 3297 2558 J’ai donc dû commencer par examiner avec soin les cinq exemplaires de l’ouvrage qui ont
397 2518 2778 2630 survécu, et que l’on peut consulter dans les bibliothèques ci-après dénommées :
851 2637 2038 2756 1. Académie de Sainte Cécile, à Rome.
862 2720 1890 2875 2. Bibliothèque royale de Berlin.
859 2850 1894 2980 3. Bibliothèque d’Este, à Modène.
862 2955 2464 3095 4. Bibliothèque de l’Université de Gênes (incomplet).
869 3066 3074 3214 5. Institut musical de Florence (copie littérale de l’exemplaire de Rome).
519 3207 3286 3323 Tous ces documents, soit sortant des presses de Ricciardo Amadino (Venise, 1609), soit
393 3304 3279 3405 copiés à diverses époques, n’offrent entr’eux que de très légères différences, il est donc facile
386 3377 2659 3525 d’en extraire un texte plus que probablement conforme à l’idée de l’auteur
516 3496 3272 3629 Mais, je l’ai dit plus haut, la transcription pure et simple de la partition romaine (l’exem¬
393 3579 3279 3737 plaire type, à mon avis), n’eût donné aucun résultat pratique ; ce travail n’eût pu aboutir qu’à la
386 3694 1970 3820 présentation froide et inexpressive d’un squelette. (2)
516 3791 3279 3932 Il s’agissait donc de rendre la vie à ce squelette ; c’est ce que j’ai tenté de faire en traduisant
386 3889 1400 4008 la partition en notation moderne.
505 3994 3268 4131 Si je tiens à indiquer ici en détail les moyens que j’ai employés pour procéder à cette résur-
393 4095 3279 4232 rection, ce n’est point pour parer aux objections et aux critiques des musicographes, toutes
397 4188 2792 4343 choses qui me sont indifférentes, mais dans un simple but d’honnêteté artistique.
487 4390 1735 4506 (1) Gesellschaft für Musikforschung. Vol. X. Leipzig, 1881.
487 4462 2702 4567 (2) J’ai, du reste, l’intention de publier prochainement une reproduction exacte de la partition originale.
