3954 5404
806 575 3567 741 Je tiens à affirmer tout d’abord que, dans la présente publication, le texte vocal aussi bien
672 701 3567 817 que celui de la basse continue sont scrupuleusement respectés d’un bout à l’autre de l’ouvrage ;
672 788 3578 922 la réalisation harmonique de cette basse, qui ne présente qu’un chiffrage très clairsemé, n’offre
672 896 3567 1044 aucune difficulté à établir pour peu qu’on soit familier avec l’écriture et le style des musiciens
679 997 1171 1124 du XVIIe siècle.
799 1084 3563 1261 Restait l’instrumentation, partie fort importante dans cette œuvre où Monteverdi s’est révélé,
679 1214 2761 1359 plus que dans tout autre de ses opéras, un coloriste de premier ordre.
799 1312 3560 1464 Il est bien évident que les instruments, nombreux et variés, dont se composait l’opulente
661 1413 3556 1543 chapelle des princes de Gonzague, n’avaient que peu de rapport avec ceux qui sont actuellement
661 1539 3556 1626 en usage dans nos orchestres ; orgues, violes, clarines et trombones sonnaient tout autrement que
672 1612 3560 1749 les instruments qui ont, à l’heure qu’il est, à peu près conservé les mêmes noms. Il a donc fallu
672 1727 3560 1814 transcrire ces parties pour notre quintette à cordes et nos modernes instruments à vent, et il m’a
672 1800 3560 1944 été facile de faire ce travail sans changer une seule des notes écrites par Monteverdi, dans
661 1904 2313 2049 toutes les pièces orchestrales qu’il a réalisées lui-même.
799 2009 3560 2136 C’est ici le lieu de dire que le système d’instrumentation de Monteverdi est celui qui persista
661 2110 3549 2251 si longtemps en Italie et en France, où on le retrouve encore employé par Rameau en plein mi-
661 2208 1315 2342 lieu du XVIII' siècle.
784 2298 3549 2465 Voici — pour ceux qui ne sont pas au courant de ces choses — en quoi ce système consistait :
777 2428 3541 2577 L’auteur réalisait lui-même à trois, quatre, cinq ou sept parties instrumentales, certains pas¬
661 2530 3556 2649 sages de son œuvre, notamment toutes les pièces où la symphonie se faisait entendre seule
661 2631 3556 2761 (ritournelles, préludes, entr’actes, etc.), ainsi que celles où l’instrument formait avec la voix une
665 2725 3538 2844 combinaison de nature particulière ; en un grand nombre d’autres endroits il se contentait d’in-
643 2837 3541 2967 diquer par une note manuscrite, que tels ou tels instruments étaient appelés à accompagner la
661 2916 3545 3043 vocale, mais sans en écrire la réalisation ; c’était alors le copiste qui devait assumer la responsa-
669 2999 3541 3148 bilité de distribuer les parties harmoniques entre les divers instruments indiqués par l’auteur. (1)
676 3111 3549 3252 Dans tout le reste de l’ouvrage où le chant et la basse sont seuls notés, cette basse était réalisée
679 3202 2942 3325 par un maestro al cembalo habitué de longue date à cette sorte de besogne.
791 3285 3541 3440 Respectant pieusement l’écriture originale du maître italien, j’ai dû, pour le reste, m’attribuer
665 3401 3560 3545 le rôle du copiste et celui de l’accompagnateur, et j’ai tâché de m’en acquitter de mon mieux
679 3498 2833 3625 suivant les usages adoptés le plus généralement en Italie au XVIIe siècle.
791 3607 3531 3787 Et afin que le lecteur puisse se rendre compte, dans cette édition, de ce qui provient direc-
679 3711 3545 3859 tement de l’auteur et de ce qui incombe à l’interprétateur, j’ai pris soin de souligner par un
679 3802 3541 3957 double trait : = les parties instrumentales écrites originalement par Monteverdi, et par un trait
679 3888 3552 4065 simple : — celles qu’il s’est contenté d’indiquer au copiste. A l’aide de ces signes, le lecteur
683 4004 3549 4163 pourra constater que les passages, soit réalisés, soit indiqués par Monteverdi lui-même forment
672 4087 3545 4261 la presque totalité de la partition, et que si, parfois, au lieu de me contenter du seul clavecin ou
690 4177 3552 4362 de l’orgue, je me suis servi du quintette à cordes pour réaliser les harmonies de la basse, je ne
744 4402 3545 4568 (1) Voir, par exemple, la page 69, N° 43, où Monteverdi a indiqué : « Segue Orfeo cantando nel Clavicembalo, Viola da braccio e
669 4445 3364 4640 Chittarone », ce qu’on doit traduire : « Le chant d’Orphée est accompagné par le Clavecin, les Violons, les Altos et une Harpe. »
