<?xml version="1.0" encoding="UTF-8" standalone="yes"?>
<PcGts xmlns="http://schema.primaresearch.org/PAGE/gts/pagecontent/2013-07-15" xmlns:xsi="http://www.w3.org/2001/XMLSchema-instance" xsi:schemaLocation="http://schema.primaresearch.org/PAGE/gts/pagecontent/2013-07-15 http://schema.primaresearch.org/PAGE/gts/pagecontent/2013-07-15/pagecontent.xsd">
    <Metadata>
        <Creator>prov=READ-COOP:name=PyLaia@TranskribusPlatform:version=2.15.0:model_id=39995:lm=none:date=15_07_2024_11:19</Creator>
        <Created>2024-07-10T12:23:45.631+02:00</Created>
        <LastChange>2024-07-15T11:19:40.400+02:00</LastChange>
        <TranskribusMetadata docId="3221047" pageId="74772331" pageNr="3" tsid="177779310" status="IN_PROGRESS" userId="131016" imgUrl="https://files.transkribus.eu/Get?id=OKCCONSYUOJZJNZBEVRFOFQY&amp;fileType=view" xmlUrl="https://files.transkribus.eu/Get?id=PAGXHYTZWQXUABBWUUUQWVQE" imageId="60574018"/>
    </Metadata>
    <Page imageFilename="0003_kca-monte-orf1915-030901700127-fs-00020.jpg" imageWidth="3954" imageHeight="5404">
        <ReadingOrder>
            <OrderedGroup id="ro_1757315983507" caption="Regions reading order">
                <RegionRefIndexed index="0" regionRef="tr_1"/>
            </OrderedGroup>
        </ReadingOrder>
        <TextRegion orientation="0.0" id="tr_1" custom="readingOrder {index:0;}">
            <Coords points="346,629 346,4622 3260,4622 3260,629"/>
            <TextLine id="tr_1_tl_1" custom="readingOrder {index:0;}">
                <Coords points="338,691 440,727 593,687 942,727 1276,691 1560,735 3240,735 3236,633 2120,658 1956,615 1400,636 1240,582 902,633 807,604 760,640 338,615"/>
                <Baseline points="358,674 502,682 647,679 791,674 936,674 1080,674 1225,676 1369,680 1514,685 1658,686 1803,687 1947,696 2092,700 2236,704 2381,704 2525,710 2670,710 2814,713 2959,716 3103,716 3248,710"/>
                <TextEquiv>
                    <Unicode>l’ai fait que pour donner plus d’intensité expressive aux récits dont le lyrisme et la beauté récla-</Unicode>
                </TextEquiv>
            </TextLine>
            <TextLine id="tr_1_tl_2" custom="readingOrder {index:1;}">
                <Coords points="338,793 1814,807 1934,847 2345,807 2687,862 3244,840 3244,727 2949,771 2280,720 1767,756 1534,720 1480,753 1215,702 1145,745 1011,695 807,738 600,695 338,720"/>
                <Baseline points="358,776 502,776 647,770 791,770 936,770 1080,770 1225,770 1369,776 1514,781 1658,782 1803,788 1947,792 2092,794 2236,800 2381,800 2525,801 2670,811 2814,812 2959,812 3103,818 3248,812"/>
                <TextEquiv>
                    <Unicode>maient une sonorité plus fournie. — Au reste, ces amplifications voulues, dont je ne m’excuse</Unicode>
                </TextEquiv>
            </TextLine>
            <TextLine id="tr_1_tl_3" custom="readingOrder {index:2;}">
                <Coords points="353,935 793,884 1542,931 2574,920 2549,829 1538,847 978,800 804,840 676,789 582,840 349,818"/>
                <Baseline points="370,883 480,876 591,871 702,867 813,871 923,870 1034,865 1145,865 1256,870 1366,872 1477,877 1588,881 1699,883 1809,883 1920,885 2031,889 2142,894 2252,895 2363,895 2474,895 2585,901"/>
                <TextEquiv>
                    <Unicode>pas, tant elles me paraissent nécessaires, sont relativement exceptionnelles</Unicode>
                </TextEquiv>
            </TextLine>
            <TextLine id="tr_1_tl_4" custom="readingOrder {index:3;}">
                <Coords points="487,1036 720,996 1073,1055 1349,1000 1505,1051 1709,1015 1814,1055 2371,1065 2367,949 2142,967 2087,920 1909,956 1462,902 1404,938 1193,909 1149,949 895,905 487,924"/>
                <Baseline points="507,979 600,985 693,985 787,985 880,985 974,985 1067,985 1161,985 1254,985 1348,987 1441,991 1534,994 1628,997 1721,997 1815,1001 1908,1003 2002,1003 2095,1003 2189,1003 2282,1008 2376,1015"/>
                <TextEquiv>
                    <Unicode>Je n’ai employé ce système que cinq fois, dans tout l’ouvrage :</Unicode>
                </TextEquiv>
            </TextLine>
            <TextLine id="tr_1_tl_5" custom="readingOrder {index:4;}">
                <Coords points="731,1113 1007,1116 1109,1171 1222,1124 1684,1175 1680,1058 1425,1015 1338,1069 916,1022 731,1047"/>
                <Baseline points="752,1104 798,1104 845,1104 892,1104 939,1103 986,1100 1033,1099 1079,1102 1126,1105 1173,1108 1220,1110 1267,1110 1314,1112 1361,1115 1407,1116 1454,1116 1501,1116 1548,1116 1595,1116 1642,1116 1689,1116"/>
                <TextEquiv>
                    <Unicode>Acte II : Air d’Orphée, p. 12.</Unicode>
                </TextEquiv>
            </TextLine>
            <TextLine id="tr_1_tl_6" custom="readingOrder {index:5;}">
                <Coords points="1062,1269 1244,1262 1331,1287 1407,1233 1516,1265 1680,1247 1676,1175 1625,1167 1451,1207 1327,1145 1247,1182 1182,1153 1131,1175 1058,1153"/>
                <Baseline points="1080,1212 1110,1214 1140,1216 1171,1218 1201,1220 1232,1222 1262,1224 1293,1226 1323,1228 1354,1230 1384,1230 1414,1230 1445,1230 1475,1230 1506,1230 1536,1231 1567,1233 1597,1235 1628,1235 1658,1233 1689,1230"/>
                <TextEquiv>
                    <Unicode>Strophes ... p. 24.</Unicode>
                </TextEquiv>
            </TextLine>
            <TextLine id="tr_1_tl_7" custom="readingOrder {index:6;}">
                <Coords points="1080,1375 1349,1360 1531,1411 1694,1364 1767,1411 1873,1375 2222,1422 2284,1385 2331,1418 2534,1393 2749,1433 2804,1418 2800,1291 2429,1265 2364,1316 2273,1265 2069,1316 1076,1265"/>
                <Baseline points="1098,1331 1183,1342 1269,1343 1355,1338 1440,1342 1526,1343 1612,1343 1697,1347 1783,1349 1869,1353 1955,1355 2040,1355 2126,1355 2212,1355 2297,1357 2383,1361 2469,1361 2554,1361 2640,1362 2726,1366 2812,1367"/>
                <TextEquiv>
                    <Unicode>Répliques à la Messagère et plainte d’Orphée (p. 31 à 36.)</Unicode>
                </TextEquiv>
            </TextLine>
            <TextLine id="tr_1_tl_8" custom="readingOrder {index:7;}">
                <Coords points="764,1469 869,1505 1051,1480 1153,1498 1193,1469 1229,1502 1309,1498 1356,1465 1458,1469 1454,1382 1353,1404 1284,1375 1171,1400 1102,1378 1051,1404 760,1385"/>
                <Baseline points="782,1445 816,1447 850,1450 884,1451 919,1451 953,1451 987,1449 1022,1447 1056,1445 1090,1448 1125,1450 1159,1451 1193,1451 1227,1451 1262,1453 1296,1455 1330,1456 1365,1456 1399,1456 1433,1456 1468,1456"/>
                <TextEquiv>
                    <Unicode>Acte III : Récit, p. 55.</Unicode>
                </TextEquiv>
            </TextLine>
            <TextLine id="tr_1_tl_9" custom="readingOrder {index:8;}">
                <Coords points="753,1593 1022,1571 1469,1633 1556,1585 1658,1607 1654,1516 1593,1484 1484,1542 1411,1502 1367,1531 1105,1484 749,1502"/>
                <Baseline points="770,1564 814,1564 859,1564 904,1564 949,1564 993,1564 1038,1564 1083,1564 1128,1564 1172,1567 1217,1570 1262,1570 1307,1570 1351,1570 1396,1570 1441,1570 1486,1570 1530,1573 1575,1576 1620,1573 1665,1570"/>
                <TextEquiv>
                    <Unicode>Acte IV : Scène finale, p. 73.</Unicode>
                </TextEquiv>
            </TextLine>
            <TextLine id="tr_1_tl_10" custom="readingOrder {index:9;}">
                <Coords points="487,1705 2516,1705 2702,1756 2905,1724 2956,1764 3073,1724 3251,1753 3251,1633 2731,1604 2640,1654 2309,1662 2218,1596 2102,1593 1804,1654 1640,1593 1484,1633 1327,1600 1273,1651 1084,1596 1000,1647 669,1614 596,1644 484,1596"/>
                <Baseline points="507,1677 644,1680 782,1683 919,1677 1057,1683 1195,1683 1332,1684 1470,1689 1608,1691 1745,1695 1883,1695 2021,1695 2158,1701 2296,1695 2434,1701 2571,1701 2709,1707 2847,1707 2984,1707 3122,1707 3260,1707"/>
                <TextEquiv>
                    <Unicode>Je dois encore parler de l’Ouverture (Toccata) où Monteverdi n’a écrit que les parties de</Unicode>
                </TextEquiv>
            </TextLine>
            <TextLine id="tr_1_tl_11" custom="readingOrder {index:10;}">
                <Coords points="338,1789 487,1829 880,1796 2516,1822 2516,1742 2393,1760 2327,1720 2040,1756 1953,1716 338,1724"/>
                <Baseline points="358,1779 466,1779 574,1779 683,1779 791,1779 899,1779 1008,1779 1116,1779 1224,1779 1333,1784 1441,1785 1549,1785 1658,1785 1766,1785 1874,1785 1983,1791 2091,1791 2199,1791 2308,1796 2416,1797 2525,1791"/>
                <TextEquiv>
                    <Unicode>trompettes et de trombones (), avec l’indication : Con tutti li stromenti.</Unicode>
                </TextEquiv>
            </TextLine>
            <TextLine id="tr_1_tl_12" custom="readingOrder {index:11;}">
                <Coords points="476,1894 3236,1927 3236,1818 2891,1804 2436,1854 2044,1807 1807,1851 1454,1804 1175,1844 760,1800 476,1829"/>
                <Baseline points="495,1874 632,1874 769,1874 907,1874 1044,1874 1181,1871 1319,1875 1456,1880 1593,1880 1731,1880 1868,1880 2005,1885 2143,1886 2280,1886 2417,1886 2555,1892 2692,1892 2829,1892 2967,1898 3104,1893 3242,1892"/>
                <TextEquiv>
                    <Unicode>Cette toccata devait se “sonner” trois fois de suite avant le lever de la toile. Afin d’éviter</Unicode>
                </TextEquiv>
            </TextLine>
            <TextLine id="tr_1_tl_13" custom="readingOrder {index:12;}">
                <Coords points="338,1982 615,2014 978,1974 1069,2022 3244,2011 3244,1934 2989,1949 2854,1909 338,1924"/>
                <Baseline points="358,1970 502,1972 647,1970 791,1970 936,1970 1080,1976 1225,1976 1369,1976 1514,1976 1658,1976 1803,1976 1947,1980 2092,1982 2236,1982 2381,1986 2525,1987 2670,1982 2814,1985 2959,1994 3103,1992 3248,1988"/>
                <TextEquiv>
                    <Unicode>la monotonie d’une triple répétition, j’ai substitué à la seconde le Ritornello en ré mineur qui</Unicode>
                </TextEquiv>
            </TextLine>
            <TextLine id="tr_1_tl_14" custom="readingOrder {index:13;}">
                <Coords points="345,2102 3073,2127 3149,2091 3200,2127 3240,2044 2858,2004 2618,2051 2509,2011 1087,2036 720,2000 651,2033 342,1989"/>
                <Baseline points="364,2072 508,2068 652,2072 796,2067 940,2072 1085,2066 1229,2072 1373,2078 1517,2073 1661,2078 1806,2078 1950,2078 2094,2078 2238,2078 2382,2078 2527,2079 2671,2083 2815,2078 2959,2083 3103,2089 3248,2089"/>
                <TextEquiv>
                    <Unicode>figure, dans l’exemplaire original, à la même page que la toccata (avant la feuille de garde du</Unicode>
                </TextEquiv>
            </TextLine>
            <TextLine id="tr_1_tl_15" custom="readingOrder {index:14;}">
                <Coords points="338,2171 567,2222 720,2185 818,2229 938,2185 1189,2182 1353,2233 1447,2185 1771,2222 1924,2182 2265,2244 2345,2189 2469,2218 2789,2182 2869,2225 3244,2233 3244,2127 3113,2105 2538,2138 2353,2105 1313,2134 1142,2091 709,2138 338,2105"/>
                <Baseline points="358,2161 502,2161 647,2162 792,2167 937,2161 1082,2167 1226,2167 1371,2171 1516,2173 1661,2170 1806,2173 1950,2173 2095,2173 2240,2173 2385,2177 2530,2173 2674,2173 2819,2179 2964,2179 3109,2183 3254,2179"/>
                <TextEquiv>
                    <Unicode>Prologue), et qui semble bien ainsi, sans toutefois que je puisse l’affirmer, se rattacher ici à</Unicode>
                </TextEquiv>
            </TextLine>
            <TextLine id="tr_1_tl_16" custom="readingOrder {index:15;}">
                <Coords points="338,2284 520,2276 545,2294 585,2276 611,2291 633,2280 727,2294 724,2200 691,2214 633,2196 567,2222 527,2211 516,2225 484,2207 338,2204"/>
                <Baseline points="358,2257 383,2257 408,2257 433,2257 458,2258 483,2259 508,2261 533,2263 558,2263 583,2263 608,2263 633,2263 658,2263 683,2263 708,2263 734,2257"/>
                <TextEquiv>
                    <Unicode>l’Ouverture.</Unicode>
                </TextEquiv>
            </TextLine>
            <TextLine id="tr_1_tl_17" custom="readingOrder {index:16;}">
                <Coords points="469,2422 633,2393 727,2433 865,2400 1076,2433 1196,2393 1636,2440 1960,2396 2654,2440 2771,2393 2873,2447 3222,2429 3218,2334 3120,2302 3018,2353 2673,2345 2564,2294 2444,2342 2244,2302 1956,2345 1836,2291 1749,2338 1614,2302 1440,2342 1280,2294 1095,2342 1033,2305 982,2338 465,2291"/>
                <Baseline points="489,2376 626,2376 763,2370 900,2376 1037,2382 1174,2382 1311,2376 1448,2380 1585,2382 1722,2382 1859,2382 1996,2377 2133,2382 2270,2382 2407,2382 2544,2388 2681,2388 2818,2382 2955,2388 3092,2394 3230,2388"/>
                <TextEquiv>
                    <Unicode>Il me reste à expliquer maintenant la raison pour laquelle je ne publie point l’œuvre entière</Unicode>
                </TextEquiv>
            </TextLine>
            <TextLine id="tr_1_tl_18" custom="readingOrder {index:17;}">
                <Coords points="338,2516 673,2494 807,2542 916,2487 1098,2545 1262,2491 1454,2491 1534,2542 1771,2513 1771,2422 1335,2414 1273,2451 873,2400 724,2436 338,2407"/>
                <Baseline points="358,2472 429,2477 500,2474 571,2472 642,2472 713,2472 784,2477 855,2475 926,2472 997,2472 1068,2472 1139,2476 1210,2478 1281,2478 1352,2478 1423,2478 1494,2478 1565,2478 1636,2476 1707,2472 1779,2472"/>
                <TextEquiv>
                    <Unicode>qui se compose d’un prologue et de cinq actes.</Unicode>
                </TextEquiv>
            </TextLine>
            <TextLine id="tr_1_tl_19" custom="readingOrder {index:18;}">
                <Coords points="476,2640 673,2607 804,2644 862,2593 1040,2633 3236,2618 3236,2538 3134,2513 3022,2560 2942,2524 2880,2560 2665,2524 2334,2553 2222,2513 1964,2545 1713,2509 1400,2556 1229,2520 1004,2556 476,2524"/>
                <Baseline points="495,2585 632,2585 769,2585 907,2585 1044,2591 1181,2591 1319,2585 1456,2585 1593,2587 1731,2591 1868,2589 2005,2585 2143,2591 2280,2591 2417,2591 2555,2591 2692,2591 2829,2591 2967,2595 3104,2596 3242,2585"/>
                <TextEquiv>
                    <Unicode>Un ouvrage de cette nature, consistant en l’emploi toujours à peu près identique des mêmes</Unicode>
                </TextEquiv>
            </TextLine>
            <TextLine id="tr_1_tl_20" custom="readingOrder {index:19;}">
                <Coords points="327,2691 1193,2742 1716,2702 1876,2738 1978,2702 2222,2756 2414,2698 3244,2734 3244,2651 3171,2625 2185,2647 1778,2607 1073,2651 564,2614 327,2651"/>
                <Baseline points="346,2681 491,2681 636,2681 782,2686 927,2684 1073,2682 1218,2683 1363,2681 1509,2687 1654,2681 1800,2681 1945,2686 2090,2687 2236,2682 2381,2687 2527,2687 2672,2687 2817,2687 2963,2693 3108,2693 3254,2687"/>
                <TextEquiv>
                    <Unicode>moyens déclamatoires et expressifs, arrive facilement à lasser l’auditeur moderne le mieux</Unicode>
                </TextEquiv>
            </TextLine>
            <TextLine id="tr_1_tl_21" custom="readingOrder {index:20;}">
                <Coords points="338,2789 724,2833 789,2796 2007,2800 2007,2734 1934,2709 1756,2753 1585,2720 338,2734"/>
                <Baseline points="358,2776 441,2782 524,2782 607,2782 690,2778 773,2780 856,2782 939,2782 1022,2782 1105,2782 1188,2782 1271,2782 1354,2782 1437,2782 1520,2782 1603,2782 1686,2782 1769,2782 1852,2778 1935,2780 2018,2782"/>
                <TextEquiv>
                    <Unicode>intentionné, en raison de la monotonie de ces moyens.</Unicode>
                </TextEquiv>
            </TextLine>
            <TextLine id="tr_1_tl_22" custom="readingOrder {index:21;}">
                <Coords points="458,2916 1905,2902 2109,2942 2556,2902 3225,2942 3225,2844 3058,2862 2902,2818 2844,2865 2553,2804 2265,2862 2040,2814 1793,2851 1636,2825 1571,2862 1447,2814 1105,2865 764,2814 458,2847"/>
                <Baseline points="477,2890 622,2890 767,2891 912,2891 1057,2893 1203,2890 1348,2890 1493,2894 1638,2896 1783,2890 1929,2890 2074,2895 2219,2893 2364,2890 2509,2892 2655,2892 2800,2896 2945,2896 3090,2896 3236,2902"/>
                <TextEquiv>
                    <Unicode>C’est ainsi que des représentations intégrales des opéras de Lulli et même de Rameau,</Unicode>
                </TextEquiv>
            </TextLine>
            <TextLine id="tr_1_tl_23" custom="readingOrder {index:22;}">
                <Coords points="331,3011 3244,3018 3244,2942 3084,2964 2593,2909 2451,2949 2142,2916 1982,2953 1840,2909 1753,2953 1607,2916 1447,2956 1349,2920 695,2956 625,2913 331,2953"/>
                <Baseline points="352,2979 497,2985 642,2991 787,2991 932,2985 1077,2986 1222,2991 1367,2985 1512,2991 1657,2988 1803,2985 1948,2985 2093,2985 2238,2985 2383,2985 2528,2985 2673,2985 2818,2985 2963,2985 3108,2990 3254,2991"/>
                <TextEquiv>
                    <Unicode>seraient impossibles sur un théâtre actuel. Il m’a donc paru préférable de laisser l’auditeur dans</Unicode>
                </TextEquiv>
            </TextLine>
            <TextLine id="tr_1_tl_24" custom="readingOrder {index:23;}">
                <Coords points="338,3091 1204,3142 2127,3094 3225,3131 3225,3029 3033,3018 2484,3051 2389,3014 1276,3054 916,3014 855,3054 338,3029"/>
                <Baseline points="358,3081 501,3083 645,3087 788,3087 932,3087 1076,3087 1219,3087 1363,3087 1506,3087 1650,3087 1794,3087 1937,3083 2081,3086 2224,3081 2368,3078 2512,3081 2655,3081 2799,3081 2942,3086 3086,3084 3230,3087"/>
                <TextEquiv>
                    <Unicode>un état de désir d’en entendre davantage plutôt que sur une impression de satiété et de lassitude,</Unicode>
                </TextEquiv>
            </TextLine>
            <TextLine id="tr_1_tl_25" custom="readingOrder {index:24;}">
                <Coords points="338,3200 804,3240 1145,3196 1295,3236 1393,3189 1793,3229 1884,3185 1956,3225 2207,3189 2491,3225 2578,3178 2778,3222 3233,3211 3233,3127 3153,3105 2865,3134 2665,3098 2582,3145 2327,3109 2211,3142 2171,3105 1396,3149 1142,3120 1073,3160 953,3109 829,3160 695,3109 338,3113"/>
                <Baseline points="358,3176 502,3180 646,3182 790,3182 934,3182 1079,3182 1223,3182 1367,3186 1511,3182 1655,3179 1800,3182 1944,3178 2088,3176 2232,3176 2376,3176 2521,3175 2665,3170 2809,3176 2953,3176 3097,3180 3242,3176"/>
                <TextEquiv>
                    <Unicode>Mon but, je le répète, n’est pas de produire un document servilement copié, mais de faire</Unicode>
                </TextEquiv>
            </TextLine>
            <TextLine id="tr_1_tl_26" custom="readingOrder {index:25;}">
                <Coords points="345,3291 575,3331 1055,3291 1127,3324 3233,3302 3233,3214 3094,3204 2967,3240 2844,3207 2433,3236 2207,3189 1774,3240 1596,3204 1531,3240 1247,3207 1204,3244 680,3244 524,3196 345,3244"/>
                <Baseline points="364,3278 507,3278 651,3273 795,3278 939,3281 1083,3284 1227,3278 1371,3278 1515,3278 1659,3275 1803,3272 1946,3272 2090,3272 2234,3272 2378,3272 2522,3271 2666,3270 2810,3270 2954,3272 3098,3272 3242,3278"/>
                <TextEquiv>
                    <Unicode>connaître et surtout de faire aimer une œuvre musicale admirable en en présentant les parties les</Unicode>
                </TextEquiv>
            </TextLine>
            <TextLine id="tr_1_tl_27" custom="readingOrder {index:26;}">
                <Coords points="338,3433 695,3385 829,3436 1000,3440 1080,3393 1342,3433 1651,3404 1753,3447 2244,3378 2498,3429 2731,3393 2902,3436 3007,3382 3233,3422 3236,3309 2673,3331 2567,3291 2436,3338 1844,3305 1709,3342 1542,3298 1404,3345 1011,3298 909,3342 338,3334"/>
                <Baseline points="358,3379 502,3375 646,3373 790,3377 934,3379 1079,3374 1223,3373 1367,3373 1511,3373 1655,3373 1800,3373 1944,3367 2088,3367 2232,3367 2376,3367 2521,3367 2665,3367 2809,3367 2953,3367 3097,3367 3242,3373"/>
                <TextEquiv>
                    <Unicode>plus belles et les plus expressives, celles qui s’adressent à notre cœur plutôt qu’à notre curiosité,</Unicode>
                </TextEquiv>
            </TextLine>
            <TextLine id="tr_1_tl_28" custom="readingOrder {index:27;}">
                <Coords points="462,3487 607,3534 1960,3502 2320,3545 2393,3491 2509,3534 2647,3502 3233,3524 3233,3414 2593,3440 2404,3389 2178,3440 1938,3411 1665,3447 1596,3411 1284,3458 1175,3422 462,3447"/>
                <Baseline points="483,3487 628,3487 773,3493 918,3493 1063,3493 1209,3488 1354,3489 1499,3485 1644,3481 1789,3481 1935,3481 2080,3481 2225,3481 2370,3481 2515,3481 2661,3481 2806,3481 2951,3481 3096,3487 3242,3487"/>
                <TextEquiv>
                    <Unicode>Cette sélection a été faite de manière à former un tout qui se tient musicalement aussi bien</Unicode>
                </TextEquiv>
            </TextLine>
            <TextLine id="tr_1_tl_29" custom="readingOrder {index:28;}">
                <Coords points="338,3611 887,3647 1520,3593 1953,3633 2331,3585 2600,3625 3225,3607 3225,3524 2909,3542 2811,3505 2316,3549 2116,3498 2058,3534 1716,3505 1429,3556 338,3524"/>
                <Baseline points="358,3582 501,3586 645,3589 788,3589 932,3588 1076,3588 1219,3588 1363,3588 1506,3588 1650,3582 1794,3582 1937,3578 2081,3576 2224,3576 2368,3576 2512,3576 2655,3576 2799,3576 2942,3576 3086,3582 3230,3582"/>
                <TextEquiv>
                    <Unicode>que dramatiquement, et qui donne, en dépit de la suppression de deux actes inutiles au drame,</Unicode>
                </TextEquiv>
            </TextLine>
            <TextLine id="tr_1_tl_30" custom="readingOrder {index:29;}">
                <Coords points="338,3731 476,3687 582,3724 862,3705 967,3753 1007,3716 1040,3745 1320,3698 1662,3734 1782,3680 2091,3676 2091,3611 1884,3633 1811,3596 1640,3644 338,3640"/>
                <Baseline points="358,3678 445,3681 532,3687 619,3690 706,3687 793,3684 880,3686 968,3690 1055,3690 1142,3688 1229,3684 1316,3684 1403,3684 1490,3683 1578,3678 1665,3678 1752,3678 1839,3678 1926,3672 2013,3672 2101,3660"/>
                <TextEquiv>
                    <Unicode>une notion très suffisamment complète du chef-d’œuvre (2)</Unicode>
                </TextEquiv>
            </TextLine>
            <TextLine id="tr_1_tl_31" custom="readingOrder {index:30;}">
                <Coords points="469,3822 945,3814 1135,3862 1418,3811 3233,3814 3236,3731 2996,3709 2658,3745 2414,3705 2200,3749 1909,3694 1745,3742 1207,3724 1091,3767 793,3767 745,3724 615,3764 473,3716"/>
                <Baseline points="489,3791 626,3797 764,3797 901,3797 1039,3799 1177,3797 1314,3797 1452,3791 1590,3791 1727,3791 1865,3787 2003,3785 2140,3785 2278,3785 2416,3785 2553,3781 2691,3785 2829,3783 2966,3785 3104,3785 3242,3785"/>
                <TextEquiv>
                    <Unicode>Une seule de ces suppressions serait peut-être à regretter, celle des trois premières strophes</Unicode>
                </TextEquiv>
            </TextLine>
            <TextLine id="tr_1_tl_32" custom="readingOrder {index:31;}">
                <Coords points="331,3905 662,3956 1138,3909 1731,3942 1967,3902 2142,3942 2334,3894 3236,3924 3214,3814 3094,3854 2913,3814 2600,3851 2378,3811 2287,3844 2204,3811 2076,3844 1295,3825 1098,3869 331,3836"/>
                <Baseline points="352,3887 496,3899 641,3899 785,3905 930,3905 1074,3905 1219,3899 1363,3893 1508,3897 1652,3893 1797,3888 1941,3887 2086,3887 2230,3887 2375,3881 2519,3881 2664,3881 2808,3881 2953,3886 3097,3887 3242,3881"/>
                <TextEquiv>
                    <Unicode>d'Orphée pénétrant dans les enfers (IIIe acte), curieuses par leur écriture vocale et leur instru-</Unicode>
                </TextEquiv>
            </TextLine>
            <TextLine id="tr_1_tl_33" custom="readingOrder {index:32;}">
                <Coords points="338,4018 942,4047 2058,3985 2251,4022 3244,4011 3240,3927 2934,3942 2840,3905 2724,3942 2440,3913 2393,3949 1971,3920 1680,3960 1360,3920 1211,3960 709,3927 625,3964 338,3956"/>
                <Baseline points="358,3988 502,3998 647,4000 792,4000 937,4000 1082,4000 1226,3996 1371,3992 1516,3994 1661,3988 1806,3987 1950,3982 2095,3978 2240,3982 2385,3980 2530,3976 2674,3976 2819,3982 2964,3982 3109,3982 3254,3988"/>
                <TextEquiv>
                    <Unicode>mentation plutôt que vraiment belles, mais ces strophes sont, pour ainsi dire, intraduisibles en</Unicode>
                </TextEquiv>
            </TextLine>
            <TextLine id="tr_1_tl_34" custom="readingOrder {index:33;}">
                <Coords points="338,4120 3244,4105 3244,4018 3193,4007 3142,4040 2036,4007 1527,4054 1327,4018 1120,4062 338,4022"/>
                <Baseline points="358,4084 502,4094 647,4096 791,4096 936,4096 1080,4096 1225,4092 1369,4094 1514,4090 1658,4087 1803,4084 1947,4080 2092,4078 2236,4078 2381,4076 2525,4073 2670,4073 2814,4075 2959,4078 3103,4078 3248,4084"/>
                <TextEquiv>
                    <Unicode>français. Aucun texte de notre langue ne saurait s’y adapter d’une façon claire et pratique et,</Unicode>
                </TextEquiv>
            </TextLine>
            <TextLine id="tr_1_tl_35" custom="readingOrder {index:34;}">
                <Coords points="331,4247 1964,4182 2418,4225 2702,4178 2833,4240 3240,4211 3240,4134 3113,4105 2920,4138 2771,4094 2593,4134 2531,4098 2465,4134 2018,4098 1825,4142 1593,4105 1400,4149 1265,4116 331,4145"/>
                <Baseline points="352,4179 496,4187 641,4196 786,4194 931,4191 1076,4191 1220,4191 1365,4185 1510,4185 1655,4179 1800,4179 1944,4176 2089,4173 2234,4171 2379,4171 2524,4167 2668,4167 2813,4168 2958,4173 3103,4173 3248,4173"/>
                <TextEquiv>
                    <Unicode>après de nombreuses et infructueuses tentatives, j’ai dû y renoncer, pensant que la quatrième</Unicode>
                </TextEquiv>
            </TextLine>
            <TextLine id="tr_1_tl_36" custom="readingOrder {index:35;}">
                <Coords points="396,4411 873,4443 1636,4396 3247,4400 3247,4324 3164,4298 3076,4342 2800,4302 1858,4342 1771,4302 1680,4349 1571,4309 1036,4364 964,4324 807,4364 396,4345"/>
                <Baseline points="417,4394 558,4400 700,4403 842,4406 984,4400 1126,4400 1268,4395 1409,4394 1551,4394 1693,4388 1835,4387 1977,4382 2119,4382 2261,4382 2402,4376 2544,4376 2686,4376 2828,4377 2970,4382 3112,4382 3254,4376"/>
                <TextEquiv>
                    <Unicode>(1) Les cinq parties, désignées par les dénominations : Clarino, Quinto, Alto, Vulgano, Basso, sont écrites avec sourdines (ce qui</Unicode>
                </TextEquiv>
            </TextLine>
            <TextLine id="tr_1_tl_37" custom="readingOrder {index:36;}">
                <Coords points="345,4480 811,4509 1778,4458 3244,4458 3244,4407 3164,4389 1025,4440 345,4393"/>
                <Baseline points="364,4454 508,4460 653,4460 797,4466 942,4466 1086,4466 1231,4464 1375,4460 1520,4460 1664,4454 1809,4449 1953,4448 2098,4442 2242,4442 2387,4442 2531,4442 2676,4442 2820,4437 2965,4442 3109,4444 3254,4442"/>
                <TextEquiv>
                    <Unicode>prouve que cet usage n’est point si moderne qu’on pourrait le croire) et notées conséquemment un ton plus bas que l’effet réel</Unicode>
                </TextEquiv>
            </TextLine>
            <TextLine id="tr_1_tl_38" custom="readingOrder {index:37;}">
                <Coords points="327,4545 396,4556 473,4527 567,4574 673,4542 705,4563 804,4556 804,4483 713,4473 695,4491 633,4483 618,4498 462,4473 429,4487 404,4469 327,4483"/>
                <Baseline points="346,4514 371,4516 397,4517 423,4519 449,4520 475,4520 501,4520 527,4520 553,4522 579,4524 604,4525 630,4526 656,4526 682,4526 708,4526 734,4526 760,4526 786,4526 812,4526"/>
                <TextEquiv>
                    <Unicode>(Voir le fac similé.)</Unicode>
                </TextEquiv>
            </TextLine>
            <TextLine id="tr_1_tl_39" custom="readingOrder {index:38;}">
                <Coords points="396,4651 502,4614 916,4625 993,4665 1360,4607 1524,4611 1564,4651 1658,4603 2302,4622 2334,4494 2138,4549 2062,4513 1876,4556 396,4567"/>
                <Baseline points="417,4597 513,4603 609,4603 705,4603 801,4603 897,4603 993,4603 1090,4603 1186,4597 1282,4597 1378,4595 1474,4591 1570,4591 1666,4591 1763,4588 1859,4585 1955,4585 2051,4580 2147,4584 2243,4580 2340,4573"/>
                <TextEquiv>
                    <Unicode>(2) Se reporter à la table générale, si l’on veut se rendre compte des parties supprimées.</Unicode>
                </TextEquiv>
            </TextLine>
            <TextEquiv>
                <Unicode></Unicode>
            </TextEquiv>
        </TextRegion>
    </Page>
</PcGts>
