3947 5414
655 594 3558 710 strophe, incontestablement la plus intéressante, suffirait à donner l’idée du chant orné, chant
655 717 3555 843 qui provient d’une façon évidente de la monodie grégorienne dont l’influence, bien qu’inavouée,
659 807 2451 945 régnait encore sur les musiciens de la Renaissance italienne.
793 898 3558 1024 Je dois ajouter, en terminant, que le traducteur n’a nullement eu la prétention de serrer le
659 1003 3569 1133 sens des paroles italiennes, mais qu’il a eu surtout en vue l’expression musicale, c’est-à-dire la
655 1082 3558 1216 concordance aussi exacte que possible entre l’accent littéraire et l’accent musical, seule méthode
659 1198 2230 1329 capable de donner à l’auditeur une impression d’art.
786 1271 3606 1444 Si tel passage peut paraître un contre-sens aux yeux d’un linguiste, il ne faudrait pas en
666 1397 3566 1502 conclure à la négligence du traducteur; c’est bien à dessein que des passages de ce genre ont
659 1491 3555 1629 été interprétés ainsi, à seule fin de laisser toute leur valeur aux accents de la musique. — On
673 1593 3555 1701 pourra se convaincre, du reste, puisque cette édition reproduit honnêtement le texte italien
666 1683 3548 1828 accolé au texte français, que les interprétations susdites ne viennent jamais altérer gravement
666 1796 2067 1926 l’idée du poète ou le sens général de la phrase.
786 1886 3551 1995 Le travail assez considérable que m’a causé cette transcription pratique sera amplement
655 1987 3558 2110 compensé, à mes yeux, si je puis arriver à faire aimer par des esprits capables d’enthousiasme
659 2096 2085 2223 l’œuvre géniale du grand musicien de Crémone.
2541 2172 3233 2324 VINCENT D’INDY.
