1912 2756
235 203 1500 312 Société Royale de Zoologie d’Anvers
304 363 1414 459 DIMANCHE 13 NOVEMBRE 1898
581 451 1139 545 à 3 1/2 heures de l’après-midi
1049 543 1560 669 IMPHONIE
256 549 700 675 ONCERT
715 550 919 671 DE
931 592 1019 709 is
222 644 864 722 immermäännä.
531 709 1191 789 par l’Orchestre de la Société
287 789 1426 891 sous la direction de M. EDWARD KEURVéeLS
495 854 1216 937 —  =================
646 904 1084 977 PROGRAGME
489 959 843 1030 nunm
998 952 1196 1042 -
650 1021 1078 1120 PREMIÈRE PARTIE
96 1114 1617 1198 1. Hochzeitsmarsch........ F. MENDELSSOHN.
1135 1183 1584 1277 FR. VON Suppé.
94 1179 1095 1284 2. Leichte Cavalerie (ouverture)...
96 1261 1556 1389 3. Le Caïd (transcription)... AMB. THOMAS.
1162 1359 1479 1454 L. GANNE.
94 1370 1086 1470 4. La Scandinave (mazurka)
652 1445 1082 1544 DEUXIÈME PARTIE
97 1518 1569 1626 5. La Muette de Portici (ouverture)... D. FR. AUBER.
944 1615 1477 1705 L. COHEN.
99 1634 833 1724 6. Le joyenx Carillon.
1011 1699 1529 1800 CH. GOUNOD.
97 1716 1013 1825 7. Le Tribut de Zamora
99 1808 1560 1921 s. O Schöner Mai? (valse)... JOH. STRAUSS.
415 1946 1340 2018 EXPOSITION DE CHRYSANTHÈMES.
105 2001 1632 2081 organisée par la Société Royale d'Horticulture et d'Agriculture d’Anvers et accessible
434 2066 1303 2133 aux Membres de la Société Royale de Zoologie.
105 2112 1628 2185 L’Exposition sera ouverte, le 13 courant, jusqu’à 5 1/2 heures du soir; le Lundi,
306 2160 1433 2221 14 courant, de 10 heures du matin à 4 heures de l'après-midi.
113 2185 189 2267 -
172 2248 1634 2297 AVIS. — Afin d’éviter tout encombrement, la Direction prie MM. les Sociétaires
109 2288 1626 2341 qui désirent occuper les Galeries, de s’y rendre par la Petite Salle d’Esca¬
103 2334 1315 2385 lier et d’utiliser le Vestiaire établi à l’entrée de cette salle.
168 2366 1640 2423 L’accès au Rez-de-Chaussée de la Salle de Concert aura lieu par les
107 2414 1646 2466 Portes donnant sur le Jardin et le Vestiaire installé sous le Grand
105 2462 1527 2511 Escalier desservira uniquement les occupants du Rez-de-Chaussée.
149 2534 1640 2618 fection Chorale. Répétition: Lundi 14 ct, à 7 1/2 heures pour les Dames,
185 2584 1523 2645 à 8 1/2 pour les Hommes. A l’étude : Le Déluge de C. Saint-Saëns.
591 2657 2755 2755 Impr. Cl. Thibaur rue Chap. de Gràce, 7.
