1912 2747
241 189 1540 292 Société Royale de Zoologie d'Anvers
338 396 1451 524 MERCREDI IS NOVEMBRE 1898
726 518 1063 617 à 8 heures du soir
1007 633 1592 824 SYickonie
577 633 971 824 ET DE
214 635 592 820 CONCES
558 829 1227 910 par l’Orchestre de la Société
323 927 1460 1028 sous la direction de M. EDWARD KEURVETS
529 1015 1246 1089 —    =================
675 1066 1120 1156 PROGglmme
526 1141 1244 1202 xu.u.w.
686 1196 1114 1298 PREMIÈRE PARTIE
134 1267 1485 1382 I. Die Räuberbraut (ouverture).... FERD. RiES.
132 1389 1508 1472 2. König Manfred (intermezzo) C. REINECKE.
1139 1456 1632 1581 C. M. VONWEBER.
128 1498 1078 1598 3. Invitation à la Danse....
136 1554 1554 1657 4. Marche aux Flambeaux n° I.. G. MEYERBER.
686 1657 1118 1739 DEUXIÈME PARTIE
136 1735 1615 1829 5. Athalie (marche guerrière des Prêtres).. F. MENDELSSOHN.
134 1829 1663 1928 6. Léonore-Ouverture n° III... L. VAN BEETHOVEN.
136 1915 1561 2022 7. Mon cœur soupire (Noces de Figaro). W. A. MoZART.
134 2014 1565 2104 8. Rienzi-Ouverture....... RICH. WAGNER.
201 2175 1661 2246 AVIS.— Afin d’éviter tout encombrement, la Direction prie MM. les Sociétaires
138 2236 1659 2305 qui désirent occuper les Galeries, de s’y rendre par la Petite Salle d’Esca¬
136 2286 1357 2357 lier et d’utiliser le Vestiaire établi à l’entrée de cette salle.
201 2343 1670 2395 L’accès au Rez-de-Chaussée de la Salle de Concert aura lieu par les
136 2385 1670 2458 Portes donnant sur le Jardin et le Vestiaire installé sous le Grand
136 2454 1561 2509 Escalier desservira uniquement les occupants du Rez-de-Chaussée.
176 2525 1669 2595 fection Chorale. Répétition : Lundi 21 ct, à 7 1/2 heures pour les Dames,
216 2584 1571 2645 à 8 1/2 pour les Hommes. A l'étude : Le Déluge de C. Saint-Saëns.
623 2632 1195 2746 Impr. CL.THIBAUT rue Chap. de Grâce, 7.
