1903 2752
222 158 1511 260 Société Royale de Zoologie d'Anvers
296 361 1424 482 DIMANCHE 20 NOVEMBRE 1898
594 471 1143 566 à 3 1|2 heures de l'après-midi
258 575 606 761 ONCER
1006 579 1566 760 Yicken
594 568 999 760 DES
534 760 1198 854 par l’Orchestre de la Société
296 849 1434 965 sous la direction de M. EDKARD KEURVELS
501 978 1221 1025 ¬
649 1008 1094 1092 PROGglmme
497 1067 1208 1151 —  —    — —  —
655 1137 1080 1249 PREMIÈRE PARTIE
104 1236 1434 1341 1. La Reine d'un jour (ouverture)... AD. ADAM.
97 1312 1462 1422 2. Dans le Soudan (scène orientale)... GAB. SEBEK.
97 1418 1578 1500 3. Martha (fantaisie sur l’opéra)..... FR. VON FLOTow.
99 1515 1549 1618 4. Lustige Brüder (valse)..... ROB. VOLLSTEDT
651 1606 1077 1692 DEUXIÈME PARTIE
97 1665 1187 1781 5. Ein Morgen, ein Mittag und ein
180 1754 1056 1865 Abend in Wien (ouverture)
1054 1745 1523 1823 .. FR. VON Suppé.
99 1828 1445 1944 6. Intermezzo AUG. Bosc.
104 1937 1565 2013 7. Une Fête à Aranjuez (fantaisie espagnole)C. DemERSMANN.
104 2009 1540 2125 8. Tannhäuser-Marsch  RICH. WAGNER.
171 2185 1616 2242 AVIS. — Afin d’éviter tout encombrement, la Direction prie MM. les Sociétaires
101 2239 1612 2297 qui désirent occuper les Galeries, de s’y rendre par la Petite Salle d’Esca¬
101 2277 1306 2332 lier et d’utiliser le Vestiaire établi à l’entrée de cette salle.
165 2305 1625 2377 L’accès au Rez-de-Chaussée de la Salle de Concert aura lieu par les
97 2364 1623 2449 Portes donnant sur le Jardin et le Vestiaire installé sous le Grand
106 2430 1513 2484 Escalier desservira uniquement les occupants du Rez-de-Chaussée.
137 2506 1618 2588 fection Chorale. Répétition : Lundi 21 ct, à 7 1/2 heures pour les Dames,
182 2563 1511 2616 à 8 1/2 pour les Hommes. A l'étude : Le Déluge de C. Saint-Saëns.
581 2613 1149 2725 Impr. CL.THIBAUT rue Chap. de Grâce, 7.
