1848 2642
174 55 1565 174 Société Royale de Zoologie d'Anvers
356 202 1477 313 DIMANCHE 27 NOVEMBRE 1898
637 300 1197 392 à 3 1/2 heures de l'après-midi
431 411 521 572 C
592 398 1021 582 RI DES
1013 415 1643 572 SYMPHONIE
206 407 355 588 Co
586 586 1250 688 par l'Orchestre de la Société
335 686 1475 770 sous la direction de M. EDVARD KEURVLS
525 750 1248 813 —    =================
709 791 1130 864 PROGRA MME
543 840 1256 911 ein   ikke
697 897 1122 991 PREMIÈRE PARTIE
143 968 1542 1091 ». Le Roi de Lahore (ouverture).... J. MASSENET.
145 1050 1663 1165 2. Sérénade espagnole......... J. M. ECHEVERRIA.
110 1124 170 1201 A:
143 1142 719 1258 3. Faust (fantaisie).
950 1171 1536 1277 CH. GOUNOD.
770 1199 934 1259 ...
139 1236 1111 1340 4. Follette (valse)
1167 1254 1538 1342 . FRN. GILLET.
695 1336 1124 1451 DEUXIÈME PARTIE
94 1451 1665 1514 5. Der Freischütz (ouverture).... C. M. VON WeBER.
208 1524 1042 1608 a) Moment musicaI.
1058 1520 1569 1618 FR. SCHUBERT.
210 1598 1005 1700 b) Sérénade de chats...
1050 1594 1520 1694 ANT. [RAZEK]
143 1690 1626 1773 .7. India (transcription)..... FR. VON FLOT0W.
278 1751 985 1822 Solistes : MM. Edm. De Herdt ( violon)
415 1814 474 1875 et
562 1812 995 1896 J. Cootmans (clarinette),
1144 1871 1638 1982 P. TsCHAïK0WSY.
143 1875 879 1967 8. Marche du sacre...
214 2019 1661 2080 AVIS.— Afin d’éviter tout encombrement, la Direction prie MM. les Sociétaires
149 2072 1655 2137 qui désirent occuper les Galeries, de s'y rendre par la Petite Salle d'Esca¬
149 2123 1348 2186 lier et d'utiliser le Vestiaire établi à l'entrée de cette salle.
214 2149 1661 2227 L'accès au Rez-de-Chaussée de la Salle de Concert aura lieu par les
141 2215 1659 2278 Portes donnant sur le Jardin et le Vestiaire installé sous le Grand
145 2276 1543 2335 Escalier desservira uniquement les occupants du Rez-de-Chaussée.
182 2366 1659 2429 Seetion Chorale. Répétition lundi 28 ct, à 7 1/2 heures pour les Dames,
214 2409 1545 2484 à 8 1/2 pour les Hommes. A l'étude : Le Déluge de C. Saint-Saëns.
615 2480 1187 2582 Impr. CL.THIBAUT rue Chap. de Grâce, 7.
