1780 2679
263 95 1553 197 Société Royale de Zoologie d’Anvers
343 258 1460 347 MERCREDI 30 NOVEMBRE 1898
737 347 1076 432 à 8 heures du soir
282 456 1004 617 ONCERT DE
1028 439 1610 614 Yickonie
564 629 1229 704 par l’Orchestre de la Société
331 689 1466 778 sous la direction de M, EDWARD KEURVéeLS
519 776 1229 843 u.
678 818 1123 890 PROGglmme
532 873 1237 953 —   —    =================
680 937 1102 1017 PREMIÈRE PARTIE
133 992 750 1070 1. Anacréon (ouverture)
1271 992 1602 1089 L. CHERUBINI.
1017 996 1239 1081 ...
197 1068 1237 1153 a) All' ombra de' Palmizi
1276 1059 1479 1146 V. FUMI.
191 1127 566 1203 b) Danze.
1269 1131 1528 1208 N. CELEGA.
1002 1138 1081 1229 ..
127 1187 697 1274 3. Messalina (prélude)
1261 1199 1619 1282 L. MANCINELLI.
134 1267 1131 1345 4. Saûl (ouverture pour la tragédie d'Alfieri)
1271 1267 1587 1350 ANT, BAzzini.
261 1318 1204 1371 L’auteur a voulu dépeindre le contraste entre les carac¬
233 1350 1208 1405 tères de Saül et de David ; le premier, plein d’orgueil, de
237 1396 1216 1447 colère et de despotisme. le second, fait de douceur et de
233 1426 432 1477 générosité.
263 1456 1199 1536 Le final de l’œuvre représente la mort de Saül et l'irrup¬
233 1488 746 1570 tion victorieuse des Philistins.
668 1540 1096 1629 DEUXIÈME PARTIE
127 1577 687 1680 5. Hamlet (ouverture)
1172 1598 1559 1684 N. W. GADE.
1079 1617 1155 1695 .
129 1659 621 1742 6. a) Sérénade
1187 1665 1562 1748 EDW.ELGAR.
265 1704 1078 1788 I. allegro. — II. Larghetto. — III. allegretto.
184 1774 962 1841 b) Chansons élégiaques
1093 1782 1547 1860 EDW. GRIEG.
265 1833 907 1898 I. Peine de Cœur. — II. Printemps.
129 1877 811 1966 7. 11e Rapsodie (suédoise)
1095 1884 1519 1966 A. HALLÉN.
133 1947 729 2023 8. Carnaval à Paris
1182 1945 1600 2032 JOH. SVENDSEN.
136 2009 210 2057 P.
193 2045 1627 2125 AVIS.— Afin d’éviter tout encombrement, la Direction prie MM. les Sociétaires
93 2104 1612 2172 qui désirent occuper les Galeries, de s’y rendre par la Petite Salle d’Esca
127 2151 1312 2225 lier et d’utiliser le Vestiaire établi à l’entrée de cette salle.
193 2202 1625 2265 L’accès au Rez-de-Chaussée de la Salle de Concert aura lieu par les
127 2248 1619 2310 Portes donnant sur le Jardin et le Vestiaire installé sous le Grand
125 2303 1511 2371 Escalier desservira uniquement les occupants du Rez-de-Chaussée.
169 2380 1625 2447 Seation Choralo. Répétition : Lundi 5 Décembre, à 8 heures pour les
116 2422 1576 2502 Dames, à 8 1/2 pour les Hommes. A l'étude: Le Dëluge de C. Saint-Saëns.
547 2490 1151 2611 Impr. CL.THIBAUT rue Chap. de Grâce. 7.
