1916 3003
318 194 1624 294 Société Royale de Zoologie d'Anvers
435 341 1529 458 DIMANCHE 4 DÉCEMBRE 1898
696 440 1266 532 à 3 1/2 heures de l'après-midi
362 539 766 663 ONCERT
822 539 1045 681 DE
1083 547 1672 705 SYicken
280 612 930 728 3e
644 705 1310 795 par l’Orchestre de la Société
395 793 1546 875 sous la direction de M. EDWARD KEURVéeLS
589 867 1306 919 u. w.
761 911 1186 982 PROGglmme
606 949 1313 1024 u.
755 1018 1186 1108 PREMIÈRE PARTIE
204 1109 1685 1195 I. Don Pasquale (ouverture)....... G. DonizETTI.
210 1201 1609 1298 2. Si j’étais Roi! (transcription) AD. ADAM.
202 1287 1607 1384 3. a) Baby’s Sweetheart (pizzicato)... W.̃ CORRI.
263 1378 1146 1474 b) Danse des Grâces
1203 1392 1649 1483 ... R. LÉONARD
204 1470 1622 1557 4. Marche triomphale......... L. LUIGINI.
757 1571 1184 1662 DEUXIÈME PARTIE
210 1636 1180 1763 5. Charlotte Corday. (ouverture)..
1195 1678 1710 1754 PETER BENOIT.
202 1769 1687 1847 6 a) Patrouille persané A. NeuFCOUR.
265 1860 1670 1941 b) Cavalleria Rusticana (intermezzo) P. MASCAGNI.
210 1954 1662 2023 7. Roméo et Juliette (transcript. par J. Dupont) CH. GOUNOD.
202 2040 1689 2103 8. Morgenblätter (valse)....... JOH. STRAUSS.
210 2135 1727 2196 –  ƒ
244 2192 1733 2242 Mercredi, 14 courant, Concert symphonique avec le concours de
204 2236 1685 2291 M. J. Bosiers, pianiste, professeur au Conservatoire Royal d’Anvers.
215 2280 843 2326 A.M.
974 2286 1719 2339 - 1 1/4 1/2
273 2326 1733 2387 AVIS.— Afin d’éviter tout encombrement, la Direction prie MM. les Sociétaires
212 2381 1725 2432 qui désirent occuper les Galeries, de s’y rendre par la Petite Salle d’Esca¬
206 2429 1411 2484 lier et d’utiliser le Vestiaire établi à l’entrée de cette salle.
271 2482 1737 2545 L’accès au Rez-de-Chaussée de la Salle de Concert aura lieu par les
200 2535 1733 2583 Portes donnant sur le Jardin et le Vestiaire installé sous le Grand
206 2577 1616 2638 Escalier desservira uniquement les occupants du Rez-de-Chaussée.
242 2663 1737 2730 Section Chorale. Répétition : Lundi, 5 Décembre, à 8 heures pour les
200 2711 1733 2787 Dames, à 8 1/2 pour les Hommes. A l'étude: Le Déluge, de C. Saint-Saëns.
684 2783 1256 2888 impr. CL.THIBAUT rue Chap. de Grâce. 7.
