1830 2834
284 109 1556 227 Société Royale de Zoologie d'Anvers
380 273 1436 356 MERCREDI 7 DÉCEMBRE 1898
744 351 1080 434 à 8 heures du soir
1235 471 1303 587 D.
1305 454 1549 589 HONI
332 450 1006 628 ONCERT DE
1097 458 1156 589 1
229 559 511 654 Juristr
546 572 803 648 Mikkelinen
583 637 1239 731 par l'Orchestre de la Société
343 726 1468 811 sous la direction de M. EDWARD KEURVerls
530 792 1237 859 —   =================
698 842 1126 914 PROGglmme
546 894 1243 947 —    =================
700 956 1119 1049 PREMIÈRE PARTIE
161 1025 1619 1128 I. Marche troyenne HECTOR BERLIOZ.
157 1099 1444 1195 2. Jeux d'enfants (suite d’orchestre)... G. Bizet.
282 1176 864 1246 a) Marche (Trompette et Tambour).
290 1231 703 1292 b) Berceuse (La Poupée)
288 1281 744 1344 c) Impromptu (La Toupic).
290 1326 851 1403 d) duo (Petit Mari, Petite Femme).
292 1381 604 1459 c) Galop (Le Bal).
157 1427 1577 1514 3. Janie (prélude du drame lyrique).... E. J. DALCROžE.
157 1514 1595 1603 4. Gwendoline (ouverture) EMM. CHABRIER.
692 1601 1115 1691 DEUXIÈME PARTIE
1052 1669 1595 1772 S... CARL GOLDMARK.
161 1671 929 1752 5. La Reine de Saba...
292 1745 873 1820 a) Nocturne et Musique de Fête.
292 1796 456 1870 b) Ballet.
164 1846 1455 1937 6. Angelus (pour instruments à cordes)... FR. LiszT.
168 1924 1453 2014 7. Rapsodie hongroise n' II.... FR. LiszT.
164 1992 1639 2046 *   ƒ
174 2042 1651 2105 Mercredi, 14 courant, à 8 h. du soir, Concert symphonique avec le concours
210 2095 1643 2147 de M. J. Bosiers, pianiste, professeur au conservatoire Royal d’Anvers.
168 2142 615 2191 mme à
779 2142 975 2206 DATES DES ACTES
1357 2145 1638 2195 DATES DES ACTES
1176 2153 1313 2197 Wunckung
234 2184 1649 2254 AVIS. — Afin d’éviter tout encombrement, la Direction prie MM. les Sociétaires
168 2252 1639 2297 qui désirent occuper les Galeries, de s’y rendre par la Petite Salle d’Esca¬
168 2289 1333 2352 lier et d’utiliser le Vestiaire établi à l’entrée de cette salle.
227 2332 1651 2393 L'accès au Rez-de-Chaussée de la Salle de Concert aura lieu par les
172 2384 1647 2437 Portes donnant sur le Jardin et le Vestiaire installé sous le Grand
170 2433 1538 2496 Escalier desservira uniquement les occupants du Rez-de-Chaussée.
205 2520 1643 2572 Section Chorale. Répétition : Vendredi, 16 Décembre, à 8 heures pour les
172 2568 1656 2633 Dames, à 8 1/2 pour les Hommes. A l'étude: Le Déluge, de C. Saint-Saëns.
633 2631 1176 2723 Impr. CL.THIRAUT rue Chap. de Grâce. 7.
