1885 2743
259 63 1540 179 Société Royale de Zoologie d'Anvers
361 226 1453 344 DIMANCHE 11 DÉCEMBRE 1898
621 338 1176 409 à 3 1/2 heures de l'après-midi
1030 431 1601 603 Yicken
299 447 969 612 ONCERT DE
238 508 296 617 1.
569 603 1235 703 par l'Orchestre de la Société
331 678 1464 769 sous la direction de M. EDMARD KEURYELS
521 762 1224 843 u.
680 815 1118 878 PROGglmme
531 862 1237 934 u.
688 913 1113 1022 PREMIÈRE PARTIE
1006 985 1570 1100 D. FR. AUBER.
141 993 878 1109 1. La Sirène (ouverture)..
141 1083 1435 1185 2. Patrouille anglaise. G. AsCH.
889 1161 1523 1292 .... J. MASSENET.
146 1178 867 1287 3. Hérodiade (fantaisie)
146 1268 1523 1370 4. Czardas n°1......... G. MICHIELS.
686 1374 1115 1466 DEUXIÈME PARTIE
146 1444 1570 1549 5. Pique Dame (ouverture)....... FR. VON SUPPÉ
1006 1566 1522 1644 CH. GOUNOD.
150 1586 991 1673 6. Faust (ballet de l'opéra)
993 1660 1568 1756 GUST. LANGER.
153 1666 987 1738 7. Grossmütterchen (ländler)
281 1721 947 1786 Solistes: MM. Edm. De Herdt ( violon)
532 1769 1017 1858 Fr. Van Wesenbeeck (cello)
1141 1843 1603 1926 . E. WALDTEUFEL.
153 1858 780 1936 8. Les Sourires (valse).
163 1917 1632 1974 —  ƒ
163 1963 1640 2043 Mercredi, 14 courant, à 8 h. du soir, Concert symphonique avec le concours
205 2010 1636 2089 de M. J. Bosiers, pianiste, professeur au Conservatoire Royal d’Anvers.
233 2124 1640 2178 AVIS.— Afin d’éviter tout encombrement, la Direction prie MM. les Sociétaires
170 2167 1631 2230 qui désirent occuper les Galeries, de s’y rendre par la Petite Salle d’Esca¬
165 2218 1337 2270 lier et d’utiliser le Vestiaire établi à l’entrée de cette salle.
229 2263 1644 2328 L’accès au Rez-de-Chaussée de la Salle de Concert aura lieu par les
161 2307 1644 2383 Portes donnant sur le Jardin et le Vestiaire installé sous le Grand
165 2370 1533 2424 Escalier desservira uniquement les occupants du Rez-de-Chaussée.
205 2448 1642 2516 fection Chorale. Répétition : Vendredi, 16 Décembre, à 8 heures pour les
170 2498 1638 2561 Dames, à 8 1/2 pour les Hommes. A l'étude : Le Déluge, de C. Saint-Saëns.
629 2557 1176 2647 Impr. CL.TEIBAUT rue Chap. de Grâce. 7.
