1857 2779
253 128 1538 214 Société Royale de Zoologie d'Anvers
355 273 1443 364 DIMANCHE 4 DÉCEMBRE 1898
624 368 1181 445 à 3 1/2 heures de l'après-midi
690 456 1027 632 DES
302 465 681 591 ONCERT
1015 482 1289 645 YMP
1300 478 1595 652 IONIE
220 538 881 645 C
562 645 1223 727 par l’Orchestre de la Société
328 727 1461 808 sous la direction de M. EDWARD KEURVLS
515 789 1231 850 u.
679 841 1112 916 PROGglmme
531 903 1229 972 —   =================
676 956 1102 1040 PREMIÈRE PARTIE
137 1038 1038 1146 1. Don Pasquale (ouverture)
1060 1057 1593 1150 .... G. DonizETTl.
136 1150 1513 1243 2. Si j'étais Roi! (transcription) AD. ADAM.
139 1227 1511 1318 3. a) Baby’s Sweetheart (pizzicato)... W. CORRI.
192 1315 976 1403 b) Danse des Grâces
1126 1322 1547 1438 .. R. LÉONARD
139 1423 1044 1509 4. Marche triomphale
1102 1408 1527 1514 ... L. LUIGINI.
678 1513 1101 1606 DEUXIÈME PARTIE
143 1604 1610 1670 5. Charlotte Corday. (ouverture) PETER BENOIT.
137 1696 1588 1767 6 c) Patrouille persane....... A. NEUFCOUR.
200 1789 1573 1861 b) Cavalleria Rusticana (intermezzo) P. MASCAGNI.
145 1879 1573 1947 7. Roméo et Juliette (transcript. par J. Dupont) CH. GOUNOD.
139 1970 855 2055 8. Morgenblätter (valse).
914 1965 1580 2078 JOH. STRAUSS.
145 2051 1617 2111 *   ƒ
192 2108 1622 2161 Mercredi, 14 courant, Concert symphonique avec le concours de
146 2159 1577 2216 M. J. Bosiers, pianiste, professeur au Conservatoire Royal d’Anvers.
157 2212 396 2273 mmme.
511 2212 705 2260 DATES DES ACTES
941 2218 1617 2262 (c.t.)
216 2267 1621 2322 AVIS. — Afin d’éviter tout encombrement, la Direction prie MM. les Sociétaires
150 2311 1613 2373 qui désirent occuper les Galeries, de s’y rendre par la Petite Salle d’Esca¬
150 2359 1315 2408 lier et d’utiliser le Vestiaire établi à l’entrée de cette salle.
214 2399 1624 2461 L’accès au Rez-de-Chaussée de la Salle de Concert aura lieu par les
150 2454 1622 2514 Portes donnant sur le Jardin et le Vestiaire installé sous le Grand
146 2500 1513 2551 Escalier desservira uniquement les occupants du Rez-de-Chaussée.
189 2582 1617 2639 irdion Chorale. Répétition : Lundi, 5 Décembre, à 8 heures pour les
148 2633 1615 2686 Dames, à 8 1/2 pour les Hommes. A l'étude : Le Deluge, de C. Saint-Saëns.
617 2697 2778 2778 Impr. Cl. Tuipaur rue Chap. de Grâce, 7.
