1971 2775
287 229 1569 363 Société Royale de Zoologie d’Anvers
387 410 1488 517 DIMANCHE 18 DÉCEMBRE 1898
659 479 1214 569 à 3 1/2 heures de l’après-midi
1093 586 1633 701 Yicken
338 586 994 701 ONCERT DE
291 669 733 761 J
1283 686 1347 746 Erw.
607 748 1272 829 par l’Orchestre de la Société
364 819 1499 915 sous la direction de M. EDMARD KEURVLS
554 911 1261 983 —    =================
725 958 1150 1030 PROGRAGME
569 1016 1264 1060 —  —    — —  —
723 1060 1140 1161 PREMIÈRE PARTIE
171 1142 1535 1247 1. Marche triomphale......... J. CALLAERTS.
173 1246 1479 1336 2. Semiramis (ouverture) G. RossINI.
167 1323 1520 1445 3. La lettre de Manon....erenr. GILLET.
1172 1403 1557 1526 . G. MEYERBER.
171 1420 1137 1537 4. Les Huguenots (fantaisie)
714 1514 1144 1604 DEUXIÈME PARTIE
169 1595 1206 1676 5. Die lustige Weiber von Wind¬
996 1642 1480 1742 O.Ö.COLAï.
297 1665 887 1742 sor (ouverture)
808 1725 1488 1824 A. FLÉGIER.
171 1728 582 1828 6. Vilanelle.
304 1807 866 1890 Hautbois-solo : M. CH. RoviES.
173 1867 1373 1960 7. De Gluck à Wagner (fragments symphoniques).
312 1952 1358 1999 Gluck: Armide (ouverture). — Haydn : r. Symphonie (andante). —
308 1991 1370 2052 Mozart: Don Juan (final; menuer). — Beethoven: 5e Symphonie
312 2033 1364 2097 (final). — Weber: Freischütz (ouverture; cavatine). — Mendels¬
310 2082 1366 2153 sohn: Marche nuptiale. — Schubert: Sérénade. — Wagner: Rienzi
312 2127 513 2204 (ouverture)
1101 2170 1646 2268 HENRE LITTHOLFF.
171 2181 736 2281 8. Frascati-Valse
173 2268 1674 2324 * *    =================
177 2313 1689 2405 Avis. — Il est défendu de circuler dans la Salle de Concert pendant les
257 2371 1683 2431 auditions musicales et de retenir, sous quel que prétexte que ce soit, des
263 2424 710 2487 places non occupées.
212 2497 1685 2572 fection Chorale. Répétition : Vendredi, 23 Décembre, à 8 heures pour les
173 2563 1678 2628 Dames, à 8 1/2 pour les Hommes. A l'étude : Le Déluge, de C. Saint-Saëns.
648 2649 1208 2709 Impr. CL.THIBAUT rue Chap. de Grâce. 7.
