1953 2747
280 53 1553 157 Société Royale de Zoologie d'Anvers
365 225 1458 314 MERCREDI 21 DÉCEMBRE 1898
742 304 1073 372 à 8 heures du soir
784 393 1613 563 DE SymPHONIE
344 399 722 559 INCERT
667 518 820 587 B. d. M.
550 523 631 589 Mw.iw.
227 499 438 593 G
580 582 1250 665 par l'Orchestre de la Société
340 650 1475 742 sous la direction de M. EDKARD KEURVETS
531 733 1248 808 u. w.
693 784 1128 856 PROGglmme
542 848 1248 908 —  =================
695 890 1124 993 PREMIÈRE PARTIE
149 973 1541 1086 I. Marche du Sacre E.M. WAMBACH.
147 1058 1509 1169 2. Polyeucte (songe de Pauline).... EDGAR TINEL.
149 1177 1639 1237 3. Parisina (introduction du 2e acte)..... EDWERD REURuss.
280 1230 935 1309 Rêve d'amour sur le lac de Lugano.
149 1298 1545 1400 4. Le Roi des Aulnes (ouverture)... PETER BENOIT.
701 1394 1126 1477 DEUXIÈME PARTIE
149 1471 1626 1568 5. Egmond-Ouverture....... L. VAN BEETHOVEN.
151 1568 1581 1641 6. Abendgesang  ROB. SCHUMANN.
151 1639 1553 1726 7. Lohengrin (transcription par J. Dupont) RICH. WAGNER.
157 1751 1651 1826 8. Marche nuptiale......... FÈL. MENDELSSOHN.
157 1825 1664 1877 * * * *   ̃ *
157 1868 1668 1930 A l’occasion des Fêtes de Noël : Dimanche, 25 courant, à 3 1/2 heures
227 1910 961 1962 de l’après-midi, Concert de Symphonie.
155 1949 1670 2006 Lundi, 26 courant, à 8 heures du soir. Concert de Symphonie, avec le concours de
223 2002 1668 2068 MM. J. Cootmans (clarinette), et Alfr. Verheyen (alto) 1ere prix du Conservatoire
225 2046 667 2095 Royal de Bruxelles (1898).
155 2080 1296 2132 Le Concert du 1er Janvier 1899 est remis à une autre date.
157 2123 1670 2178 Mercredi 11 Janvier prochain, à 8 heures du soir, Concert extraordinaire. avec le
225 2165 1668 2246 concours de Mlles Berthe Baltazar-Florence, pianiste (13 ans) et J. Balthazar¬
215 2200 593 2259 Florence ( violoniste).
155 2280 1670 2344 Avis. — Il est défendu de circuler dans la Salle de Concert pendant les
236 2321 1672 2399 auditions musicales et de retenir, sous quel que prétexte que ce soit, des
240 2380 691 2442 places non occupées.
196 2470 1670 2525 fection Chorale. Répétition : Vendredi, 23 Décembre, à 8 heures pour les
157 2521 1672 2578 Dames, à 8 1/2 pour les Hommes. A l'étude: Le Déluge, de C. Saint-Saëns.
633 2574 1197 2682 Impr. CL.THIBAUT rue Chap. de Gràce. 7.
