1916 2779
269 123 1562 219 Société Reyale de Zoologie d'Anvers
374 259 1488 352 DIMANCHE 25 DÉCEMBRE 1898
637 335 1199 420 à 3 1/2 heures de l'après-midi
639 403 732 488 u.
847 405 913 503 L.
314 443 664 547 ONCEN
1114 395 1628 584 MPHONIE
785 492 927 545 Pf.
963 503 1125 583 Dein
1199 530 1534 605 immeut.
233 514 925 605 Toutumuksi myöntän
592 583 1252 671 par l’Orchestre de la Société
348 664 1490 764 sous la direction de M. EDWARD KEURYELS
547 751 1254 813 —  =================
707 800 1146 870 PROGARAMME
552 851 1261 912 —  =================
711 904 1135 980 PREMIÈRE PARTIE
163 978 1581 1063 I. Marche solennelle.... Jos. COMMPAENS.
161 1087 1560 1171 2. Die Irfahrt um’s Glück (ouverture) FR. VON Suppé.
1146 1152 1500 1265 THÉO MAHY.
161 1159 617 1263 3. a) Rêverie.
212 1256 859 1348 b) Danse flamande
165 1354 1592 1426 4. Réminiscences......... JAC. OFFENBACH.
709 1439 1144 1517 DEUXIÈME PARTIE
163 1521 1600 1621 5. Le capitaine Henriot (ouverture). FR. A. GassAERT.
1178 1600 1513 1713 CH. GOUNOD.
166 1609 671 1717 6. Ave Maria!
796 1628 983 1704 ...
165 1702 900 1787 7. Scènes Napolitaines
1053 1698 1517 1789 J. MASSENET.
301 1768 1184 1853 a) La Danse. — b) La Procession et l’Improvisa-
367 1816 724 1882 teur. — c) La Fête.
1188 1884 1649 1969 GÉRALD. W. LANE.
168 1889 738 1984 8. Florencia (valse)
185 1956 1687 2007 * ̃ "   =================
176 2005 1689 2069 Lundi, 26 courant, à 8 heures du soir. Concert de Symphonie, avec le concours de
240 2054 1691 2107 MM. J. Cootmans (clarinette), et Alfr. Verheyen (alto) 1„er prix du Conservatoire
240 2101 687 2148 Royal de Bruxelles (1898).
176 2141 1314 2188 Le Concert du 1er Janvier 1899 est remis à une autre date.
172 2169 1693 2228 Mercredi 11 Janvier prochain, à 8 heures du soir, Concert extraordinaire, avec le
242 2224 1687 2294 concours de Mlles Berthe Baltazar-Florence, pianiste (13 ans) et J Balthazar¬
235 2264 613 2319 Florenee ( violoniste).
200 2305 1269 2349 (v.tätäyttävänäs.
1322 2296 1386 2347 u.
1403 2287 1685 2349 u.
172 2338 1689 2392 Avis. — Il est défendu de circuler dans la Salle de Concert pendant les
259 2389 1691 2474 auditions musicales et de retenir, sous quel que prétexte que ce soit, des
259 2436 713 2502 places non occupées.
212 2532 1691 2595 Section Chorale. Répétition : Vendredi, 3o Décembre, à 8 heures pour les
174 2570 1691 2635 Dames, à 8 1/2 pour les Hommes. A l'étude: Le Déluge, de C. Saint-Saëns.
649 2670 1209 2714 Impr. CL.THIBAUT rue Chap. de Grâce. 7.
