1921 2743
257 63 1550 167 Société Royale de Zoologie d’Anvers
364 194 1479 310 MERCREDI 28 DÉCEMBRE 1898
726 282 1073 366 à 8 heures du soir
1033 343 1619 519 Yicken
303 353 1023 533 ONCERT DES
560 481 625 523 D. D.
218 420 372 537 T
575 529 1246 621 par l’Orchestre de la Société
339 600 1481 688 sous la direction de M. EDWARD KEURYELS
535 676 1251 744 —   =================
698 715 1136 788 PROGRAGME
540 782 1031 845 rücken.
1071 768 1255 839 omme
701 820 1129 914 PREMIÈRE PARTIE
1238 885 1552 985 B. W. BALFE
153 899 1150 977 I. La Bohémienne (ouverture)
155 977 1247 1056 2. Deux tableaux de la Chanson de
1167 995 1681 1119 E. A. Mac-DoweLL.
711 1039 835 1090 ..
255 1033 594 1108 Reland..
284 1083 583 1133 a) Les Sarrasins.
284 1129 583 1194 b) La belle Alda.
719 1131 1573 1263 G. F. Händel.
153 1184 473 1263 3. Largo
1131 1234 1623 1336 HENseler LITTOLF.
153 1236 975 1320 4. Maximilien Robespierre
295 1316 1104 1382 (ouverture pour la tragédie de R. Griepenkerl.)
705 1384 1144 1458 DEUXIÈME PARTIE
157 1430 1581 1527 5. Capricio (Jota aragonesa)... M.IW. 16. (1)2LINKÄ.
161 1535 1646 1615 6· Bal costumé (fragments symphoniques).. ANT. RUBINSTEIN.
293 1592 744 1635 a Toréador et Andalouse.
295 1621 958 1688 b) Pélerin et Fantaisie (Etoile du soir).
293 1669 935 1753 c) Pècheur napolitain et Napolitaine.
954 1721 1543 1803 -... FR. CHOPIN.
165 1732 546 1811 7. Nocturne
305 1790 868 1865 Violon solo: M. Edm. De Herdt.
161 1845 1656 1943 8. Danse cosaque de l’opéra « Mazeppa” P. TsCHÄïK0WSY.
171 1945 1694 2025 *   ̃
167 2008 1315 2075 Le Concert du 1er Janvier 1899 est remis à une autre date.
172 2066 1349 2114 Mercredi 4 Janvier, à heures 8 du soir, Concert de Symphonie.
169 2108 1702 2181 Mercredi 11 Janvier prochain, à 8 heures du soir, Concert extraordinaire, avec le
236 2150 1698 2219 concours de Mlles Bertha Balthasar-Florence, pianiste (13 ans) et Clotilde Balthasar¬
238 2190 611 2240 Florence ( violoniste).
1163 2223 1698 2296 DATES DES ACTES
772 2217 1129 2290 r
199 2236 663 2313 commm mauvaa.r
172 2288 1707 2357 Avis.— Il est défendu de circuler dans la Salle de Concert pendant les
257 2345 1713 2426 auditions musicales et de retenir, sous quel que prétexte que ce soit, des
263 2390 722 2455 places non occupées.
213 2470 1705 2533 fection Chorale. Répétition : Vendredi, 3o Décembre, à 8 heures pour les
172 2518 1709 2579 Dames, à 8 1/2 pour les Hommes. A l'étude: Le Déluge, de C. Saint-Saëns.
659 2577 1232 2664 Impr. CL.THIBAUT rue Chap. de Grâce, 7.
