1916 2761
276 100 1562 191 Société Royale de Zoologie d'Anvers
436 206 1409 300 MERCREDI 4 JANVIER 1899
750 263 1094 314 à 8 heures du soir
865 297 1078 383 ainiten
606 295 688 366 D.
525 310 582 357 nach
1360 395 1621 484 HUNN
769 387 1358 484 DE STMA
395 395 746 495 „GEM
291 308 378 485 Dn.
610 502 1264 578 par l’Orchestre de la Société
380 555 1490 621 sous la direction de M. EDMARD KEURVerLS
336 612 1547 665 et avec le bienveillant concours de M. Aug. ENNA compositeur.
742 657 1135 733 PROG 11 AMME
504 714 635 782 -
665 759 1179 831 PREMIÈRE PARTIE
1239 786 1577 867 G. MEYERBEER.
178 797 808 878 I. Schillermarsch
1001 814 1156 882 ..
1239 859 1643 910 C. M. VONWEBER.
179 859 706 914 2. Obéron (ouverture)
178 901 1679 961 3. Adagio (de la 8e sonate pour le piano)... L. VAN BEETHOVEN.
314 937 825 993 Orchestré par Edw. Keurvels.
179 954 1575 1043 4. Der Fliegende Holländer (ouverture) RICH. WAGNER.
671 1022 1190 1097 DEUXIÈME PARTIE.
181 1069 1010 1135 5. La Pacification de Gand
1233 1111 1571 1180 PETER BENOIT.
247 1122 840 1180 (fragments du drame lyrique).
247 1143 1690 1226 a) Ouverture (Lutte des Nobles et du Reuple néerlandais contre la nomination
317 1201 516 1250 espagnole).
249 1224 931 1279 b) Scène d’amour entre Anna et Joris.
293 1262 1496 1316 Guillaume le Taciturne (Patriotisme, souffrance, grandeur, héroïsme)
247 1307 901 1350 d) Entrée du duc d’Albe à Bruxelles.
251 1328 1681 1396 e) La Fête de la Pacification. (Cortège des Nobles, des Gildes, des Chambres de
314 1371 1039 1422 Rhétorique avec leurs « pijpers » et fous.
1058 1371 1326 1422 Joie populaire).
183 1390 805 1469 6. Zorahayda (Légende)
1252 1381 1662 1469 JOHAN S.SVENDSEN.
382 1424 1041 1492 Soliste: M. Edm. De Herdt ( violon)
293 1471 1588 1526 ... Par une nuit d'été Jacinta était restée seule dans l'Alhambra. Assise auprès d'une fontaine, elle
234 1515 1592 1562 pleurait, et ses larmes tombaient dans l’onde pure... — Peu à peu, l'eau devint agitée et, du milieu
236 1554 1588 1604 d'une vapeur indécise., apparut le pâle fantôme d’une femme jeune et belle tenant en ses mains un luth
234 1583 1413 1621 d'argent. Ses vêtements etincelants de pierreries étaient ceux d’une princesse mauresque.
293 1605 1587 1649 « Fille mortelle », dit sa voix harmonieuse et tendre, « pourquoi pleures-tu dans le silence de la
238 1638 1588 1681 nuit?» — « Je pleure le bien-aimé qui m’a délaissée! » — « Sèche tes larmes ; écoute : Tu vois
234 1670 1585 1706 devant toi la triste Zorahayada. Comme toi j'ai connu les tourments de l’amour malheureux. Un cheva¬
234 1696 1588 1736 lier chrétien avait gagné mon cœur. J’avais promis d’embrasser sa croyance et de le suivre en son pays
232 1730 1594 1768 Au moment du départ, mon courage faiblit, je restai et suis morte, païenne, dans ce palais, après une
234 1758 1588 1798 vie de souffrance. Depuis, les Génies du Mal ont tout pouvoir sur moi, et seule la main pure d’une
236 1791 1594 1826 chrétienne détruira le charme magique qui me retient ici prisonnière.... Tu peux me déhvrer... Le
234 1819 831 1860 veux-tu?.... Parle! » — « Oui, je le veux! »
893 1821 1594 1879 «Approche donc. Plonge ta main dans l’eau de cette
230 1843 1044 1893 fontaine, baptise moi, et je serai rendue à l'éternel repos. »
283 1868 1596 1911 Jacintha s’approcha, prit de l’eau dans le creux de sa main, et la répandit sur la tète du fantôme....
234 1885 1598 1942 Alors, Zorahayda, le visage transfiguré, laissa doucement tomber son luth d’argent, croisa ses bras
230 1930 818 1970 blancs sur son sein. et, souriant, disparut....
289 1949 1600 2008 Jacinta croyait sortir d’un rêve. Mais en voyant à ses pieds le luth d'argent, ses doutes s’évanouirent
230 1989 890 2040 et ses fraits s'illuminèrent d’espérance et de joie.
1333 2023 1598 2089 AUG. ENA
242 2034 865 2100 Romance (1re exécution)
1296 2074 1655 2142 (sous la direction
183 2093 1012 2163 8. Cléopatra (ouvertuie de l'opéra)
1339 2115 1598 2172 de l’Auteur).
1326 2157 1430 2204 Koskaan:
183 2185 1687 2231 Mercredi 11 Janvier, à 8 heures du soir, Concert extraordinaire, avec le concours de
249 2225 1687 2272 Miles Berthe Balthasar-Florence, pianiste (13 jaar) et Clotilde Balthasar-Florence
263 2255 455 2299 (violoniste).
178 2283 1696 2348 Mercredi 18 courant, à 8 heures Concert, avec le coucours;de M. (Carlo Guillaume
255 2321 1207 2368 (flûtiste) 1er prix du Conservatoire Royal de Gand (1898).
221 2395 1690 2442 Avis. — Il est défendu de circuler dans la Salle de Concert pendant les
181 2429 1685 2506 auditions musicales et de retenir, sous quel que prétexte que ce soit, des
187 2472 614 2527 places non occupées.
221 2516 1689 2597 Section Chorale. Répétition : Lundi, 9 Janvier, à 8 heures pour les
181 2582 1690 2652 Dames, à 8 1/2 pour les Hommes. A l'étude : Le Déluge, de C. Saint-Saëns.
