1916 2761
305 216 1667 305 Société Royale de Zoologie d'Anvers
442 314 1441 403 DIMANCHE 8 JANVIER 1899
722 393 1225 483 à 3 1/2 heures l'après-midi
380 493 707 625 ONCER
1149 499 1650 672 MPHONIE
884 561 984 628 L
265 589 880 670 Innsaammen
958 585 1055 670 ein
1274 615 1341 672 m. m.
625 662 1277 751 par l’Orchestre de la Société
374 737 1513 820 sous la direction de M. EDWARD KEURVLS
596 824 1300 882 u. w.
728 873 1163 946 PROGARAMME
562 927 1270 995 —  =================
726 978 1153 1069 PREMIÈRE PARTIE
179 1055 741 1134 1. Diatesté (ouverture)
1281 1070 1592 1144 J. GODEFROID.
177 1119 805 1202 2. Hamlet (transcription)
1260 1129 1599 1198 AMB. THOMAS.
1669 1117 1765 1196 Monsieur
177 1170 579 1230 3. Carillon
1236 1172 1582 1245 CH. HEMLEB.
173 1219 713 1302 4. Marche turque
886 1232 1155 1300 ....
1253 1228 1618 1300 W. A. MoZART.
713 1289 1153 1362 DEUXIÈME PARTIE
169 1347 704 1424 5. Le Cid (ouverture).
1277 1343 1569 1434 J. MASSENET.
171 1411 1599 1484 6. Der Trompeter von Säkkingen.. V. E. NESSLER
442 1465 619 1520 (fantaisie)
309 1503 905 1571 Trompette-solo: M. Ad. Willems.
167 1576 1535 1646 7. Le Pré aux Clercs (entr'acte et air)... F. HÉROLD.
303 1618 1018 1671 Solistes: MM. Edm. De Herdt, violon, et
553 1665 1023 1731 Jos. Cootmans, clarinette.
169 1718 1672 1782 8. Récits d'amour (valse)... E... E. M. WALDTEUFEL
179 1789 1678 1849 * * *    *  *
175 1838 1678 1902 Mercredi 11 Janvier, à 8 heures du soir, Concert extraordinaire, avec le concours de
235 1885 1676 1947 Mlles Berthe Balthasar-Florence, pianiste (13 ans) et Clotilde Balthasar-Flarence
237 1925 444 1987 ( violoniste).
181 1968 1672 2051 Mercredi 18 courant, à 8 heures Concert, avec le concours de M.Cario Guillaume
233 2024 1195 2073 (flùtiste) 1er prix du conservatoire Royal de Gand (1898).
184 2051 606 2111 mmmeutuu
657 2066 1661 2113 L'Exposé sommaire doit contenir un résumé clair et précédurement des faits et des circonstances.
162 2101 1672 2173 Avis.— Il est défendu de circuler dans la Salle de Concert pendant les
245 2158 1674 2242 auditions musicales et de retenir, sous quel que prétexte que ce soit, des
241 2199 696 2267 places non occupées.
196 2297 1663 2357 fection Chorale. Lundi 16 c“, à 8 1/2 heures, répétition d’ensemble.
152 2346 988 2423 A l'étude : Le Déluge, de C. Saint-Saëns.
625 2406 1189 2510 Impr. CL.THIBAUT rue Chap. de Grâce 7.
