1843 2825
254 221 1550 320 Société Royale de Zoologie d'Anvers
393 379 1405 458 MERCREDI 25 JANVIER 1899
717 439 1074 515 à 8 heures du soir
184 502 274 693 C
1059 583 1177 697 T.
331 583 995 691 N CERFDE
1339 588 1394 697 20.
577 704 1215 774 par l’Orchestre de la Société
348 758 1442 824 sous la direction de M. EDKARD REURVELS
644 815 1157 879 et avec le concours de
430 872 1350 940 Mme R00FTHOOFT-DE RIDDER, cantatrice.
1184 930 1306 995 2.
456 925 712 1002 n
708 927 1087 1044 PROGRA MME
1195 989 1293 1068 w
438 995 752 1054 -
682 1041 1103 1123 PREMIÈRE PARTIE.
145 1105 772 1179 I. Marche solennelle
1221 1098 1554 1182 J. HUYBRECHTS.
145 1164 1074 1230 2. Néerlande! (ouverture dramatique).
1221 1171 1557 1239 WILL. DE MOL.
153 1219 827 1276 3. a) Stella (prélude et rêve)
1214 1217 1508 1296 H. VAELPUT.
305 1269 910 1328 Soliste: M. Edm. De Herdt (violon)
210 1306 552 1374 b) Mazurka
1210 1298 1543 1381 PETER BENOIT.
147 1361 1625 1432 4. Orlando furioso (scène dramatique).. AMM. TIMMERMANS.
305 1412 905 1484 Mme L. Roofthooft-De Ridder.
678 1467 1096 1557 DEUXIÈME PARTIE.
143 1517 688 1609 5. Athalie (ouverture)
1192 1528 1603 1613 F MENDELSSOHN.
145 1594 743 1660 6. Lohengrin (prélude)
761 1596 1543 1664 RICH. WAGNER.
145 1638 539 1706 7. Obéron (air)
973 1644 1627 1721 ... C. M. VON WeBER.
311 1690 936 1745 Mme L. Roofthooft-De Ridder.
143 1736 1618 1809 8. Marche turque les Ruines d’Athènes L. VAN BEETHOVEN.
151 1833 1622 1901 Mercredi, l Février, Concert extraordinaire avec le concours de M. Théo
188 1883 1620 1951 Ysaye, compositeur et pianiste. Exécution, sous la direction de
180 1929 769 1995 l’auteur de la Suite Wallonne.
186 2039 1618 2089 Avis. — Il est défendu de circuler dans la Salle de Concert pendant les
147 2083 1613 2137 auditions musicales et de retenir, sous quel que prétexte que ce soit, des
147 2120 570 2173 places non occupées.
186 2162 1618 2227 Les enfants âgés de moins de 12 ans, ne sont pas admis aux Concerts des
145 2212 1618 2278 Mercredis. Les enfants âgés de 12 à 15 ans, sont admis à la condition
145 2264 872 2324 d’être accompagnés de leurs parents.
143 2322 1613 2412 fection Chorale: Répétition d’ense nble Lundi, 30 courant, 8 1/2 h. du
188 2412 1616 2462 soir Tous les membres de la Section sont instamment pries d’assister à
188 2449 462 2517 cette séance.
465 2490 1300 2596 Impr. ci, Thibaut, rue Chapelle de Grâce, 7. Telephone 1489.
