1875 2820
286 192 1570 284 Société Royale de Zoologie d'Anvers
398 314 1431 396 DIMANCHE 29 JANVIER 1899
739 390 1209 480 à 3 1/2 heures aprèsmidi
1150 491 1306 620 M r
325 485 653 646 ONCER
1040 474 1120 651 u.
1293 491 1637 672 HONIE
782 530 965 620 J.
300 603 914 676 (Hofrittelmärkeit)
601 663 1249 750 par l’Orchestre de la Société
356 726 1486 816 sous la direction de M. EDWARD KEURVETS
551 799 1254 870 —    =================
711 853 1146 926 PROGARAMME
554 914 1249 987 u.
719 972 1137 1053 PREMIÈRE PARTIE
166 1019 997 1097 La Dame blanche (ouverture)
1241 1032 1594 1107 FR. BOIELDIEU.
164 1084 1123 1174 2. Ariele, die Tochter der Luft
1193 1094 1484 1179 EM. BACH.
340 1138 668 1207 ( final de l'opéra)
162 1174 646 1260 3. a) Loin du bal
1234 1161 1514 1263 EM. GILLET.
230 1228 1092 1308 b) Le Rendez-vous de Chasse
1243 1243 1493 1321 G. RossINI.
220 1288 1097 1388 Valse militaire
1202 1299 1633 1387 EM. WALDTEUFEL.
705 1374 1161 1467 DEUXIÈME PARTIE.
166 1441 1043 1510 5. Cléopâtre (ouverture de l'opéra)
1230 1444 1499 1525 AUG. ENA.
172 1508 997 1562 6. Mellusina (barcarolle)
1234 1510 1560 1581 EM. WAMBACH.
1237 1558 1465 1627 FR. LISZT.
177 1555 595 1622 7. II° Rapsodie
857 1573 976 1626 ..
172 1614 1584 1689 8. Rubensmarsch. PETER BENOIT.
179 1657 1659 1730 (v.t.t)täs.tänkkeitännekkekoullämme 5,7.30
166 1719 1661 1782 Mercredi, I Février, Concert extraordinaire, avec le concours de M. Théo
202 1767 1652 1833 Ysaye, compositeur et pianiste. Exécution, sous la direction de l’auteur,
215 1820 633 1889 de la Suite Wallonne.
179 1877 1655 1945 *    =================
168 1917 1661 1988 Avis. — Il est défendu de circuler dans la Salle de Concert pendant les
166 1976 1659 2038 auditions musicales et de retenir, sous quel que prétexte que ce soit, des
172 2023 612 2098 places non occupées.
209 2079 1657 2157 Les enfants âgés de moins de 12 ans, ne sont pas admis aux Concerts des
160 2135 1659 2217 Mercredis. Les enfants âgés de 12 à 15 ans, sont admis à la condition
166 2193 914 2260 d’être accompagnés de leurs parents.
164 2288 1659 2361 ektion Chorale. Répétition d’ensemble : Lundi 30 courant, à 8 1/2 h. du
205 2353 1661 2407 soir. Tous les membres de la section sont instamment priés d’assister à
209 2391 474 2473 cette séance.
530 2458 1340 2549 Impr. CL.THIBAUT, rue Chapelle de Grâce, 7. Téléphone 1489.
