1871 2816
270 229 1560 313 Société Royale de Zoologie d'Anvers
421 371 1413 466 MERCREDI 1 FÉVRIER 1899
740 438 1096 501 à 8 heures du soir
988 488 1083 572 nern
211 581 1618 684 LONCERT DE STMI HONII
596 682 1251 770 par l’Orchestre de la Société
369 731 1474 813 sous la direction de M. EDWARD KEURVerLS
216 805 1618 861 et avec le concours de M. Théo YSAVE, compositeur et pianiste.
729 855 1120 956 PROG 11 6 Nl N. P.
1169 906 1316 954 w
516 896 704 973 r
708 943 1137 1016 PREMIÈRE PARTIE.
1288 980 1670 1042 HECTOR BERLIOZ.
162 997 794 1055 I. Marche troyenne.
1290 1040 1608 1083 PETER BENOIT.
160 1047 848 1109 2. Isa (ouverture de l’opéra)
870 1044 924 1116 -
1290 1079 1569 1148 THÉO YSAVE.
990 1096 1156 1152 * *
162 1098 704 1148 3. Suite wallonne.
337 1113 910 1189 (sous la direction de l’auteur)
296 1165 1226 1217 a) Impressions; b) Monotonie et tristesse des chansons
332 1211 1040 1265 gaies; c) Fête, procession et crâmignons.
242 1239 1567 1301 Cette suite est bâtie sur des cbants wallons, aujourd’hui encore très populaires dans le pays de
211 1284 1564 1333 Liège. Il n'est pas une fête paroissiale où on ne les entende chanter par des bandes d'enfants ou
216 1320 1567 1379 d’adultes, setenant par la main et parcourant les rues en décrivant des cercles et des arabesques (cràmignons).
244 1351 1566 1396 a) La première partie, intitulée : Impressions, évoque les sentiments éprouvé par le musicien en se
205 1383 1562 1428 retrouvant à la place où l’entance heureuse s’est et ou ée. Rumeurs vagues, rythmes de ciàmignons
214 1409 1566 1454 lointains, sonneries de trompettes, cloches sonnant doucement d'abord, ensuite, à toute volec (les cors
220 1441 1564 1489 jouant le role des trois cloches) ; sur ce fond, s'éleve un chant mélancolique qui se développe jusqu'à
211 1470 1564 1515 la pleine force. Puis, tout rentre, comme une vision fugitive, dans l’infinie variété des chants nostalgi¬
211 1500 1564 1554 ques. Un chant de âtre égréne mélancoliquement quelque méledie populaire, et le morceau se termine
211 1536 703 1580 comme il avait debuté : Smorzando.
239 1551 1566 1621 b) La deuxième partie, intitulée : Monotome et tristesse des chansons gaies, exprime lesquets
211 1610 1564 1657 vagues de l'âme à l’evocation des joies d’antan. Les thèmes cràmignons en deuil, se succèdent reliés
951 1636 1564 1672 C’est l’hiver — Un frisson glheral se répand,
211 1648 902 1685 entr'eux par une sorte d'appel rythmé des bois.
214 1672 1564 1717 appauvrissant les cbants joyeux des hier jusqu’à les rendre monotones et mélancoliques. Ce mou¬
212 1707 1148 1748 vement lent est, en résume, une sorte de plainte des chants eux-mêmes.
240 1730 1567 1787 c) La troisième partie nous ramène à la joie exubérante : c’est la fête populaire. Le crâmignon a repris
214 1778 1560 1826 sa vie leste. Il danse et chante en des rythmes gais et chauds. Les violons s'accordent dans les
212 1812 1564 1856 guinguettes. Puis voici la processiou, précédée de la musique militaire jouant une sorte de marche
207 1840 1562 1879 solennelle, Les confréries defilent. Vagues rumeurs de foule. Sur une transformation des thèmes
212 1869 1562 1912 d'église, surgit le chant national liégeois, (Ou peut-on être mieux, de Gretry) chanté par un piston
205 1897 1564 1940 maladroit. Le même chant sera repris plus tard par les violons sur un dialecte des bois. Puis les
211 1927 1560 1968 danses, les cràmignons reprennent plus vifs et plus chauds : et cette troisième partie se termine par
214 1957 1424 2018 une fanfare joyeuse dont le dessin thématique est tiré du motif de la marche processionnelle.
697 2005 1118 2084 DEUXIÈME PARTIE.
1286 2046 1651 2113 CARL GOLDMARK.
157 2054 803 2128 4. Sakuntala (ouverture)
1282 2097 1662 2160 ROB. SCHUMANN.
158 2112 494 2154 5. Rêverie.
153 2147 1047 2192 6. 1er Concerto pour piano et Orchestre
1277 2141 1510 2203 FR. LiszT.
287 2175 1191 2244 a) allegro maestoso: b) Allegretto vivace; c)Allegro
326 2227 837 2276 animato; d) allegro marziale.
330 2261 636 2320 M. Théo YSAVE.
1183 2285 1612 2360 RICH. WAGNER.
149 2292 915 2374 7. Lohengrin (marche nuptiale)
397 2380 1405 2430 Piano Erard de la Maison L. Anthonis.
151 2423 1646 2503 Mercredi, 8 Févr. Concert, avec le concours de M. Gust. Walther, violoniste.
151 2503 1649 2581 irdion Chorale.Répétitions d’ensemble : Lundi, 6 et Vendredi, 10 courant,
192 2566 1649 2624 à 8 1/2 h. du soir. Tous les membres de la Section sont instamment
190 2615 809 2661 priés d'assister à ces séances.
486 2647 1329 2723 Impr. Cl, Thibaut, rue Chapelle de Grâce, 7. Telephone 1489.
