1825 2788
244 286 1530 378 Société Royale de Zoologie d'Anvers
365 380 1386 497 DIMANCHE 15 JANVIER 1899
668 471 1165 558 à 31/2 heures l'après-midi
753 586 1278 753 de St.
1095 575 1178 732 1
1398 577 1600 738 NIE
331 567 670 711 ICERT
1371 688 1628 760 Ilmoitusta.
484 687 889 772 Mikkelinn.
567 749 1227 828 par l’Orchestre de la Société
329 815 1454 896 sous la direction de M. ED kanD KEURVELS
548 908 1260 976 u.
696 951 1120 1023 PROGARAMME
522 1004 1231 1080 —   =================
692 1067 1116 1152 PREMIÈRE PARTIE
1261 1112 1592 1199 D. Fr. AUBER.
153 1133 1226 1195 I. Fra Diavolo (ouverture).
1212 1188 1589 1250 OTTO LANCEY.
159 1191 1065 1263 3. Graziella (morceau de Salon)
1099 1201 1188 1248 ..
983 1235 1487 1303 .... G. VerDI.
153 1241 847 1309 3. La Traviata (fantaisie)
149 1294 628 1375 4. Czardas N° 2
1241 1280 1564 1356 G. MICHIELS.
764 1311 842 1365 ?
1023 1299 1159 1348 ..
694 1356 1120 1434 DEUXIÈME PARTIE
153 1418 1583 1490 5. Le Carnaval de Venise (ouverture).. AMB. THOMAS
1280 1475 1568 1538 J. NESVADBA.
155 1485 743 1547 6. Loreley (paraphrose)
155 1522 1583 1609 7. Noces de Gardes-forestiers. TH. MICAELIS.
393 1579 760 1626 (suite caractéristique)
286 1600 1150 1659 a) Dans la forêt; b) Cortège c) Chanson à boire;
289 1647 874 1693 d) Sérénade; e) Marche nuptiale.
157 1670 1021 1755 8. Les Enchanteresses (valse).
1112 1664 1583 1757 E. BROUSTEL
172 1746 1668 1797 * ̃ "    =================
159 1787 1670 1850 Mercredi 18 courant, à 8 heures du soir, Concert avec le concours de M.
208 1838 1549 1910 Carlo Guillaume (flûtiste). r' prix du Conservatoire Royal de Gand.
161 1895 1666 1980 Mercredi 25 courant, Concert avec le concours de M. Th. Ysaye, composi¬
200 1952 522 2020 teur et pianiste.
185 2003 1672 2054 (1) L'œur doit indiquer l'autorité, l'affaire avec le dernier
206 2048 1672 2116 Avis. — Il est défendu de circuler dans la Salle de Concert pendant les
168 2094 1674 2152 auditions musicales et de retenir, sous quel que prétexte que ce soit, des
172 2148 615 2220 places non occupées.
210 2200 1676 2268 Les enfants âgés de moins de 12 ans, ne sont pas admis aux Concerts des
166 2252 1683 2328 Mercredis. Les enfants âgés de 12 à 15 ans, sont admis à la condition
168 2309 927 2375 d'être accompagnés de leurs parents.
210 2402 1678 2468 fection Chorale. Répétition d’ensemble vendredi 16c’, à 8 1/2 h. du soir.
166 2459 993 2540 A l’étude : Le Déluge, de C. Saint-Saëns.
643 2527 1209 2625 Impr. CL.THIBAUT, rue Chap. de Grâce 7.
