1825 2784
225 219 1519 346 Société Royale de Zoologie d'Anvers
355 327 1371 468 MERCREDI 18 JANVIER 1899
729 440 1069 512 à 8 heures du soir
810 542 873 646 u.
1233 527 1585 667 HONIE
1044 544 1224 665 M
251 538 667 706 ONCERT
729 584 890 676 UUE
183 627 1602 737 Die wiederholtz bekommenheiten können. Dann
552 720 1213 803 par l’Orchestre de la Société
315 776 1443 850 sous la direction de M. EDMARD KEURVETS
128 854 1641 927 et avec le concours de M. Carlo Guillaume, flûtiste, 1er prix du Conservatoire
650 907 1126 986 Royal de Gand (1898).
531 959 1243 1016 —   =================
676 1020 1111 1090 PROGglmme
514 1073 1218 1148 —   —    =================
676 1128 1107 1218 PREMIÈRE PARTIE
134 1194 1645 1269 1. Ruy-Blas (ouverture) F. MENDELSSÖHN.
1124 1245 1622 1322 M. Moszkowski.
134 1262 795 1320 2. Danses espagnoles.
138 1303 1554 1390 3. Ledernier sommeil de la Vierge.. J. MASSENET.
302 1366 782 1435 (extrait de la Légende)
142 1422 1556 1507 4. Concertstück pour flûte etennestre... J. ANDERSEN.
308 1473 733 1545 M. Carlo Guillaume.
686 1519 1120 1604 DEUXIÈME PARTIE
1188 1570 1471 1647 .° G. Bizet.
744 1605 1129 1662 * * * *...
142 1590 682 1658 5. Patrie! (ouverture)
1248 1634 1558 1698 H. WILLEMS.
720 1645 1199 1715 * * * * : * *.
144 1643 580 1721 6. Méditation
1271 1685 1573 1753 H. VAELPUT.
710 1689 1097 1777 * * * *... *
202 1698 578 1770 a) Sérénade
833 1743 1636 1813 M. A. REICHERT.
204 1755 620 1828 b) Mélancolie.
319 1804 735 1870 M. Carlo Guillaume.
1277 1836 1524 1906 E. PINELLI.
151 1855 746 1923 8. Marche nuptiale
164 1906 1664 1947 *  =================#
157 1938 1662 2015 Mercredi 25 courant, Concert avec le concours de M. Th. Ysaye, composi¬
200 1998 521 2066 teur et pianiste.
174 2030 1670 2093 (1) L'exposé sommaire doit contenir un résumé clair des faits et des circonstances de temps et de lieu (art. 41). Le plus grand soin doit être apporté dans les
200 2076 1679 2159 Avis. — Il est défendu de circuler dans la Salle de Concert pendant les
162 2140 1677 2214 auditions musicales et de retenir, sous quel que prétexte que ce soit, des
168 2185 612 2261 places non occupées.
206 2244 1677 2304 Les enfants âgés de moins de 12 ans, ne sont pas admis aux Concerts des
168 2293 1677 2368 Mercredis. Les enfants âgés de 12 à 15 ans, sont admis à la condition
168 2342 924 2412 d'être accompagnés de leurs parents.
206 2433 1677 2491 fection Chorale. Répétition d’ensemble vendredi 20 c’i, à 8 1/2 h. du soir.
168 2486 999 2571 A l'étude : Le Déluge, de C. Saint-Saëns.
1575 2525 1681 2595 a-
542 2580 1358 2627 Impr. CL.THIBAUT, rue Chapelle de Grâce, 7. Téléphone 1489.
