1912 2802
288 202 1565 300 Société Royale de Zoologie d'Anvers
431 288 1424 405 DIMANCHE 5 FÉVRIER 1899
744 384 1207 460 à 3 1/2 heures aprèsmidi
1130 462 1631 631 MPHONIE
737 475 938 640 DE
375 469 586 631 SÉTÉ
1441 595 1505 637 ...
1547 593 1641 650 Mikkaisia
300 576 919 671 Mikkelin läänissä sekä
601 650 1260 735 par l'Orchestre de la Société
356 705 1486 808 sous la direction de M. EDWARD KEURVLS
554 818 1258 868 —  =================
718 846 1147 914 PROGARAMME
550 887 1255 968 u.
720 949 1142 1049 PREMIÈRE PARTIE
1285 1023 1596 1106 AMB. THOMAS.
175 1036 701 1123 1. Mignon (ouverture)
725 1053 906 1123 ?
991 1061 1093 1115 ..
1288 1093 1575 1159 A. MAILLART.
179 1098 648 1170 2. Lara (fantaisie)
787 1108 868 1179 ..
1288 1145 1533 1221 C. HUBANS.
171 1155 706 1228 3. Les Guitareros
789 1168 976 1234 ....
1217 1206 1567 1290 EDM. MISSA.
168 1209 1175 1281 4. Montmartre (valse)
718 1272 1145 1354 DEUXIÈME PARTIE
1277 1345 1686 1432 F. MENDELSSOHN.
1104 1375 1253 1420 * *
173 1360 863 1439 5. Marche nuptiale...
889 1373 1034 1434 ...
179 1415 1281 1486 6. Hamlet (introduction pour la tragédie de Sha¬
1283 1450 1667 1530 EDW. REURVLS.
260 1477 543 1541 kespeare).
175 1524 1645 1601 7. Lohengrin (transcription par J. Dupont).. RICH. WAGNER.
313 1588 880 1643 Trompette-solo M. Ad. WILLEMS.
1219 1618 1552 1703 G. RossINI.
177 1631 1042 1688 8. Guillaume Tell (ouverture)
311 1686 1200 1754 Solistes: MM. Fr. VAN WESENBEECK (cello), Carlo
339 1739 1157 1797 GUILLAUME (flùte) et Ch. ROVIES (cor anglais).
192 1791 1688 1852 MÉNÉTÉRÉE FÉRÈRÉRUE FÉNÈNÉRιRÉNUEUR, LYNÉNancès, L'ESNancs, notre Foncée, rue séparées, précédent, mécès d'éviter de l'affaire
183 1835 1678 1916 Mercredi, 8 courant, Concert avec le concours de M. Gustave Walther
228 1903 443 1961 violoniste.
192 1927 1692 2004 * * * *   ̃ * *
226 2004 1688 2061 Avis.— Il est défendu de circuler dans la Salle de Concert pendant les
186 2040 1688 2112 auditions musicales et de retenir, sous quel que prétexte que ce soit, des
186 2104 629 2172 places non occupées.
220 2155 1686 2221 Les enfants âgés de moins de 12 ans, ne sont pas admis aux Concerts des
177 2200 1692 2274 Mercredis. Les enfants âgés de 12 à 15 ans, sont admis à la condition
181 2268 942 2325 d'être accompagnés de leurs parents.
186 2317 1695 2432 Secfion Chorale. Répétitions d'ensemble: Lundi, 6 et Vendredi, 10 courant
224 2411 1693 2473 à 8 1/2 h. du soir. Tous les membres de la section sont instamment
226 2466 848 2541 priés d’assister à ces séances.
556 2504 1368 2611 Impr. CL.THIBAUT, rue Chapelle de Grâce, 7. Téléphone 1489.
