1894 2816
259 220 1544 318 Société Reyale de Zoologie d'Anvers
396 349 1402 455 MERCREDI 8 FÉVRIER 1899
735 440 1080 498 à 8 heures du soir
509 472 691 552 Tilsi
992 487 1092 581 u.
498 552 564 618 den
180 550 1655 699 CONCERT DE STMI HONIE
582 684 1238 767 par l’Orchestre de la Société
363 750 1464 832 sous la direction de M. EDWARD KEURYELS
190 817 1621 900 et avec le concours de M. GUSTAVE WALTHER, violoniste.
1285 896 1340 956 c.
483 896 541 968 de
725 891 1112 983 PROGRA MME
1154 962 1325 1022 -
695 1003 1127 1092 PREMIERE PARTIE.
1223 1035 1563 1133 G. MEYERBEER.
154 1056 588 1135 I. Festmarsch
246 1112 1214 1187 (composée pour l'inauguration de l’Exposition de
240 1169 567 1231 Londres, 1862.
291 1216 1071 1287 a) Marche triomphale : b) Marehe religieuse ;
302 1270 904 1321 c) Pas accéléré; d) Rule Britannia.
1212 1293 1559 1368 RICH. WAGNER.
156 1298 860 1377 2. Rienzi (ouverture de l’opéra)
1127 1268 1189 1370 ..
156 1356 1501 1430 3. 1er Concerto (pour violon etennestre).. Max BRUCH.
289 1411 870 1464 a) Prélude; b) Adagio; c) final.
319 1452 755 1529 M Gustave Walther.
701 1497 1127 1574 DEUXIÈME PARTIE.
156 1557 289 1650 4.
312 1552 827 1635 Symphonie (Fatum)
1114 1544 1666 1648 .. L VAN BEETHOVEN.
295 1618 1031 1670 a) allegro con brio; b) Andante con moto
295 1661 618 1713 b)Allegro et final.
160 1698 633 1762 5. a) Romance
975 1681 1465 1781 ED. LALO.
209 1753 808 1811 b) Zigeunerweisen
969 1743 1665 1843 PABLO DE SARASATE.
329 1796 778 1864 Mr Gustave Walther.
163 1836 904 1922 6. Fanfare inaugurale
921 1824 1529 1918 PAUL GILSON.
165 1937 1663 2001 Mercredi 15 courant, Concert avec le concours de Melle Maria Hartog,
203 1984 458 2046 (Cantatrice).
209 2027 1672 2119 Avis. — Il est défendu de circuler dans la Salle de Concert pendant les
163 2100 1674 2157 auditions musicales et de retenir, sous quel que prétexte que ce soit, des
165 2149 590 2208 places non occupées
209 2187 1672 2249 Les enfants âgés de moins de 12 ans, ne sont pas admis aux Concerts des
165 2234 1676 2288 Mercredis. Les enfants âgés de 12 à 15 ans, sont admis à la condition
169 2283 911 2330 d’être accompagnés de leurs parents.
162 2362 1666 2444 ektion chorale : Répétition d’ensemble : Vendredi 10 courant, à 8 1/2
203 2401 532 2469 heures du soir.
167 2439 1672 2525 L’exécution de l’oratorio Le Déluge, (Soli, chœurs etennestre est
203 2504 842 2559 fixée au Mercredi 22 Février.
504 2544 1356 2636 impr. cl. 1 hil.aut, iue Chapelle de Grâce, 7. Telephone 1489.
