1885 2775
259 205 1564 305 Société Reyale de Zoologie d'Anvers
401 338 1418 443 MERCREDI 15 FÉVRIER 1899
731 414 1078 478 à 8 heures du soir
510 470 566 549 Tzu-
198 530 1658 672 CONCLAT DE STMI-HUNIE
587 647 1243 743 par l’Orchestre de la Société
353 739 1466 823 sous la direction de M. EDWARD KEURYELS
196 831 1614 900 et avec le concours de Mlle MARIE HARTOG, cantatrice.
1186 886 1341 942 w
570 885 668 957 -
716 879 1111 980 PROGRA MME
1157 961 1378 1011 i
626 965 768 1015 -
691 996 1124 1080 PREMIERE PARTIE.
1247 1063 1642 1140 HECTOR BERLIOZ.
144 1080 1053 1142 1. Benvenuto Cellini (ouverture)
1203 1126 1587 1188 GEORGE H üE
142 1130 1042 1199 2. Rubezahl (légende).
1232 1176 1618 1261 JULES Massenet.
146 1176 933 1234 3. Le Cid (ballet de l'opéra)
276 1226 1065 1289 a) Castillane ; b) Andalouse ; c) Aragonaise:
278 1268 1230 1334 d’Aubade ; e) Catalane; f) Madrilène; g) Navarraise.
144 1305 1667 1395 4. Samson et Dalila (air de l’opéra) ... CAM. SAINT-SAENS.
305 1368 700 1445 Mlle Marie Hartog
685 1393 1119 1502 DEUXIÈME PARTIE.
180 1483 1099 1556 5. Ve Symphonie (Fatum)
1169 1483 1660 1568 L.VAN BEETHOVEN.
397 1552 673 1614 (redemandée)
278 1585 1021 1665 a) allegro con brio ; b) Andante con moto;
276 1646 601 1702 c) allegro et final.
1247 1675 1623 1750 GODFRIEDMANN.
142 1685 779 1758 6. a) Jeune amour (lied)
192 1725 1658 1809 b) Mit lindem Geflüster.... (romance). H. VAN DER VoORT.
305 1792 697 1857 Mlle Marie Hartog
140 1825 1683 1894 7. Der Freischütz (ouverture).... C. M. VON WeBER.
140 1915 1664 1967 Mercredi, 22 courant, à 8 heures du soir, Concert avec le concours de
177 1961 1527 2013 M. G. Schmit, flütiste, professeur au Conservatoire Royal de Liége.
178 2055 1652 2113 Avis. — Il est défendu de circuler dans la Salle de Concert pendant les
140 2109 1660 2178 auditions musicales et de retenir, sous quel que prétexte que ce soit, des
152 2151 583 2222 places non occupées
178 2172 1660 2258 Les enfants âgés de moins de 12 ans, ne sont pas admis aux Concerts des
136 2245 1669 2326 Mercredis. Les enfants âgés de 12 à 15 ans, sont admis à la condition
144 2299 890 2362 d’être accompagnés de leurs parents.
132 2387 1669 2471 Section chorale. Répétitions d’ensemble : Vendredi, 17 courant, à 8 1/2 du
177 2439 1038 2492 soir; Dimanche 19 à 11 heures du matin.
470 2531 1334 2598 Impr. Cl.Thibaut, rue Chapelle de Grâce, 7. Téléphone 1489.
