1894 2797
271 152 1562 261 Société Royale de Zoologie d'Anvers
417 282 1453 364 DIMANCHE 19 FÉVRIER 1899
727 365 1197 454 à 31 12 heures après midi
314 456 750 629 ONCERT
735 460 1053 642 DES
1076 470 1473 638 YMPHON
1458 468 1617 646 JIE
237 542 540 640 C.
589 655 1246 752 par l’Orchestre de la Société
348 756 1483 847 sous la direction de M. EDMARD KEURVLS
540 841 1257 907 —   =================
714 884 1142 964 PROGARAMME
544 947 1254 1026 —    =================
708 1006 1131 1100 PREMIÈRE PARTIE
165 1081 1151 1170 I. Le Château trompette (ouverture)
1212 1085 1576 1161 FR. A. Gevaert.
155 1159 1129 1237 2. Le refrain du Pêcheur (barcarolle)
1203 1157 1515 1235 LÉONCE GRAS.
155 1212 934 1280 3. Guillaume Tell (fantaisie).
1191 1221 1460 1292 G. RossINI
157 1280 746 1367 4. Marche grecque.
1193 1276 1441 1350 L. GANNE.
704 1375 1134 1453 DEUXIÈME PARTIE
159 1453 680 1542 5. Kaisermarsch
994 1451 1557 1532 RICH. WAGNER.
159 1519 1653 1604 6. Léonore-ouverture n°III.... L. VAN BEETHOVEN.
159 1587 1070 1655 7. Mon cœur soupire....
1153 1579 1549 1682 W. A. MoZART.
331 1642 1068 1731 (Romance des « Noces de Figaro »)
167 1706 1199 1761 8. Wienerblut (valse)
1203 1680 1523 1773 JOH. STRAUSS.
297 1761 1672 1816 L'Exposé sommaire doit contenir un résumé clair et précédentement. Lorsque le Précis des faits ouvertement.
159 1814 1682 1901 Mercredi, 22 courant, à 8 heures du soir, Concert avec le concours de
206 1873 1577 1952 M. G. Schmit, flûtiste, professeur au Conservatoire Royal de Liège.
174 1947 1674 1996 * ̃  =================
208 1992 1680 2047 Avis.— Il est défendu de circuler dans la Salle de Concert pendant les
163 2034 1685 2117 auditions musicales et de retenir, sous quel que prétexte que ce soit, des
167 2089 621 2166 places non occupées.
210 2125 1680 2202 Les enfants âgés de moins de 12 ans, ne sont pas admis aux Concerts des
167 2193 1680 2269 Mercredis. Les enfants âgés de 12 à 15 ans, sont admis à la condition
167 2246 928 2316 d'être accompagnés de leurs parents.
159 2352 1680 2441 fection Chorale. Répétitions d'ensemble: Lundi, 20 courant, à 8 1/2 h.
201 2407 1269 2490 du soir; Dimanche, 26 courant, à 11 1/2 h. du matin.
540 2511 1354 2587 Impr. CL.THIBAUT, rue Chapelle de Grâco, 7. Téléphone 1489.
