1853 2779
290 230 1573 326 Société Royale de Zoologie d'Anvers
420 376 1437 470 MERCREDI 22 FÉVRIER 1899
752 455 1099 522 à 8 heures du soir.
1023 507 1103 601 D.
869 516 934 614 F
196 595 305 681 G.
766 576 1665 702 DE STMHONIE
407 579 750 695 CER
604 697 1261 777 par l’Orchestre de la Société
382 756 1487 846 sous la direction de M. EDWARD KEURVLS
167 819 1690 896 et avec le concours de M. G. SCHMIT, flutiste, professeur au Conservatoire
752 881 1096 959 Royal de Liége
737 946 1130 1038 PROG 11 AMME
1270 1019 1403 1067 -
708 1055 1147 1136 PREMIERE PARTIE.
159 1101 957 1197 1. Marche militaire....
1274 1098 1618 1193 FR. SCHUBERT.
1176 1124 1270 1197 ..
157 1174 702 1249 2. Hamlet (ouverture)
1257 1172 1683 1255 ALEX. STADFELOT.
169 1232 1608 1316 3. Concertstück (pour flûte etennestre)... J. ANDERSSEN.
324 1282 601 1357 M. G. Schmit
150 1328 1090 1414 4. Deux danses hongroises
1226 1341 1527 1414 FR. BEHR.
697 1391 1138 1481 DEUXIÈME PARTIE.
152 1456 1109 1543 5. Charlotte Corday (ouverture).
1268 1454 1623 1539 PETER DENOIT.
148 1520 587 1593 6. a) Souvenir
1280 1523 1606 1612 JULES SCHREY.
453 1575 1099 1648 Motto: Le sort nous a-t-il séparés,
604 1635 1050 1685 tout espoir a-t-il disparu,
601 1669 1138 1727 tu vis néanmoins en mon âme.
201 1706 1138 1788 b) Parisina (prologue du drame lyrique)
1266 1704 1639 1777 EDW REURVLS.
154 1752 507 1825 7. Fantaisie
1241 1765 1656 1838 C. DEMERSSSMANN.
865 1783 1007 1852 ..
305 1798 614 1871 M. G. Schmit.
142 1859 802 1926 8. Künstlerleben (valse)
1199 1846 1594 1932 JOH STRAUSS
148 1890 1671 1961 (v.t.t.)täs.täkkeitä.tmeitäsliäsä.
138 1946 1662 2005 Mercredi, I Mars: Concert-Saint-Saëns. Exécution de l’oratorio Le Déluge
184 2001 1669 2063 avec le concours de Mesd. Adolphine Van Elsacker et Marie Paris et de
180 2047 913 2101 Mess. J. Tijssen et Jean Collignon.
178 2130 1664 2180 Avis. — Il est défendu de circuler dans la Salle de Concert pendant les
132 2176 1658 2226 auditions musicales et de retenir, sous quel que prétexte que ce soit, des
132 2216 581 2291 places non occupées.
173 2247 1660 2341 Les enfants âgés de moins de 12 ans, ne sont pas admis aux Concerts des
129 2324 1669 2391 Mercredis. Les enfants âgés de 12 à 15 ans, sont admis à la condition
132 2370 885 2425 d’être accompagnés de leurs parents.
125 2443 1660 2510 irdion Chorale : Tous les membres sont instamment priés d'assister aux
169 2504 1656 2554 dernières répétitions qui auront lieu : Vendredi, 24 courant, à 8 1/2 h.
161 2550 1658 2608 du soir; Dimanche, 26 à 11 h. du matin et Mercredi, I Mars, à 12 1/2 h.
472 2629 1326 2704 lmpr. Cl. Thibaut, rue Chapelle de Grâce, 7. Télephone 1489.
