1843 2820
244 115 1528 235 Société Royale de Zoologie d'Anvers
390 221 1441 320 DIMANCHE 26 FÉVRIER 1899
694 312 1167 401 à 31 12 heures après midi
734 414 898 583 DE
284 401 692 543 ONCERT
1080 409 1596 552 MPHONIE
948 514 1123 601 Sinde
214 507 889 600 J
1326 545 1420 592 Mumme
556 603 1218 690 par l’Orchestre de la Société
314 690 1447 798 sous la direction de M. EDWARD KEURVLS
509 802 1210 843 —  =================
671 838 1103 915 PROGARAMME
507 896 1210 957 ein   ikkevwvwwwvom
670 963 1089 1057 PREMIÈRE PARTIE
123 1036 1116 1118 1. Le Cheval de Bronze (ouverture)
1224 1052 1570 1125 D. FR. AUBER.
1133 1048 1210 1120 ..
121 1101 1226 1169 2. Derlustige Figaro (fantaisie)
1233 1108 1502 1178 J. V. HAMM.
123 1157 774 1209 3. Sérénade tzigane.
1250 1150 1462 1220 W. NEht.
117 1210 1609 1275 4. Adagio et Valse (ballet «La Fête des Fleurs») THÉO ChARLiER.
250 1252 866 1333 Soliste: M. Edm. De Herdt (volon).
662 1305 1089 1409 DEUXIÈME PARTIE
113 1407 1146 1477 5. Marche troyenne
1235 1403 1626 1487 HECTOR BERLIOZ.
119 1466 732 1530 6. Isa (ouverture de l'opéra)
1244 1473 1575 1534 PETER BENOIT.
176 1513 1210 1594 Barcarolle (du drame lyrique « Mellusina »)
1237 1524 1575 1587 EM. WAMBACH.
176 1566 953 1634 Le Cid (ballet de l’opéra)
1250 1575 1626 1651 JULES MASSENET,
1053 1589 1152 1640 ..
252 1613 1226 1681 a) Castillane; b) Andalouse. c) Aragonaise; d) Aubade;
253 1668 995 1727 e) Catalane; f) Madrilène; g) Navarraise
132 1725 1632 1776 MÉLÉRÉRÄS VÉRANZ RÉPÉRENZ NÈRÉAISIÉ, L'ÉNÉRancès, nouvoir, précéd.turent d'après dernier précès présen¬
113 1757 1615 1825 Mercredi, I Mars: Concert-Saint-Saëns. Exécution de l'oratorio Le Déluge
165 1817 1626 1886 avec le concours de Mesd. Adolphine Van Elsacker et Marie Paris et de
157 1863 906 1933 Mess. J. Tijssen et Jean Collignon.
125 1923 1623 1965 muuvituuduutuuwuutruwu
153 1956 1621 2020 Avis. — Il est défendu de circuler dans la Salle de Concert pendant les
115 2009 1632 2071 auditions musicales et de retenir, sous quel que prétexte que ce soit, des
119 2056 564 2130 places non occupées.
157 2113 1625 2192 Les enfants âgés de moins de 12 ans, ne sont pas admis aux Concerts des
113 2162 1628 2258 Mercredis. Les enfants âgés de 12 à 15 ans, sont admis à la condition
119 2228 876 2279 d’être accompagnés de leurs parents.
110 2304 1626 2368 ektion Chorale : Tous les membres sont instamment priés d’assister à
146 2356 1483 2428 la dernière répétition qui aura lieu : Mercredi, I Mars, à 12 1/2 h.
484 2449 1297 2525 Impr. CL.THIBAUT, rue Chai elle de Grâce,7. Téléphone 1489.
