1857 2846
1278 170 1418 254 Vu-
424 172 1176 297 PROCRAMMÄ
814 314 1083 409 1o PARTIE.
191 405 1502 479 1. Marche du Synode (extraite de l’opéra Henry VIII).
191 475 1716 585 2, Suite algérienne. (Impressions pittoresques d’un voyage en
773 568 958 629 Algérie).
773 589 1704 672 a) Prélude (En vue d’Alger) ; b) Rhapsodie mauresque;
780 663 1706 739 c) Rêverie du soir (à Blidah); d) Marche militaire fran¬
773 704 881 780 çaise.
199 782 1002 881 3. Phaéton (poème symphonique).
786 892 1712 945 PHAÉION a obtenu de conduire dans le Ciel le char du
811 939 1712 992 Soleil, son père. Mais ses mains inhabiles égarent les
814 977 1712 1036 coursiers. Le char flamboyant, jeté hors de sa route,
818 1028 1716 1078 s'approche des régions terrestres. Tout l'univers va
824 1066 1712 1119 périr embrasé, lorsque Jupiter frappe de sa foudre
814 1108 1182 1191 l'imprudent Phaéton.
201 1184 1568 1269 4. La Fiancée du Timbalier (Ballade de Victor Hugo).
362 1254 985 1360 Mlle Adolphine Van Elsacker.
776 1394 1119 1500 ca l2 og 2 m
795 1513 1102 1608 IIe PARTIE.
581 1608 763 1716 LE
797 1596 1320 1746 DÉLUGE
472 1727 1447 1837 Poème biblique en 3 parties de Louis Gallet.
782 1820 1129 1898 PREMIÈRE PARTIE
371 1863 1545 1962 Corruption de l’homme. — Colère de Dieu. — Alliance avec Noé.
782 1926 1132 1990 DEUXIÈME PARTIE
733 1973 1185 2038 L’Arche. — Le Déluge.
792 2007 1142 2072 TROISIÈME PARTIE
434 2045 693 2121 La Colombe.
716 2051 1498 2140 Sortie de l'Arche. — Bénédiction de Dieu.
710 2166 1568 2254 Mlle ADOLPHINE VAN ETSACKER
710 2212 1172 2278 Mlle MARIA PARIS
400 2227 555 2301 SOLI
691 2265 1155 2331 M. JEAN TIJSSEN
701 2312 1252 2390 M. JEAN COLLIGNON
294 2409 888 2500 Chœur Mixte de la Société.
290 2492 1280 2606 Le solo de violon par M. Edmond De Herdt.
