1866 2861
249 148 1612 255 Koninklijke Maatschappij van Dierkunde
728 228 1139 321 IN ANTWERPEN
447 298 1424 401 WoensDAG 8 MAART 1899
776 380 1107 451 te 8 ure’s avonds
1158 447 1548 616 CONCERT
365 447 947 616 YMFONISCH
835 572 1017 627 H. Schaefswalden.
717 580 808 627 F.T.K.
530 612 1329 686 door het Orkest der Maatschappij
352 673 1511 738 onder de leiding van M. EDWARD KEURVLS
171 711 1685 795 en met de medewerking van M. Edmond DEHERDT, Iste Viool-Solo
783 776 1080 844 bij het Orkest.
570 812 1283 869 u.
713 859 1152 916 PROGRAMMA
597 909 1312 966 u.
768 945 1089 1023 EERSTE DEEL
1319 998 1683 1074 JOS. CALLAERTS.
169 1000 740 1082 I. Jubelouverture
1152 998 1245 1067 ..
1160 1055 1618 1120 ... K. HANSSENS.
169 1063 690 1135 2. a) Concertwals
1318 1108 1662 1175 PETER BENOIT.
1146 1126 1300 1188 ...
226 1114 1082 1183 b) Humoristische heilgroet
1319 1164 1681 1245 H. VIEUXTEMPS.
165 1167 1069 1232 3. 4de Concerto (voor viool en orkest)
1158 1181 1242 1232 ..
367 1223 890 1285 a) Introduzione. — Cadenza.
373 1274 738 1323 b) Adagio religioso.
371 1314 749 1367 c) Finale. — Allegro.
331 1346 791 1416 M. Edmond De Herdt.
1266 1386 1677 1464 A. TIMMERMANS.
164 1397 802 1483 4. Hongaarsche dans
755 1447 1088 1523 TWEEDE DEEL
1323 1494 1544 1580 ED. LALO.
167 1511 1287 1569 5. Le Roi d’Ys (openingstuk van het zangspel)
167 1563 1616 1629 6. De Walpurgisnacht (balletuitde opera Faust) CH. GOUNOD.
1306 1607 1618 1688 H. W.ertn
165 1620 897 1700 7. Hungaarsche melodie
331 1669 785 1728 M. Edmond De Herdt.
165 1704 1603 1776 8. Aanroeping (uit het zangspel Esclarmonde). J. MASSENET.
574 1764 1456 1812 (v.t.tit.t.)
403 1772 538 1818 R.F.K.R.S.
181 1772 283 1810 Mgeswälleiten
164 1795 1675 1852 Zondag, 12 Maart, te 3 1/2 ure: Concert met de medewerking van MM.
207 1839 1671 1896 Jan Collignon (bariton) en J. Cootmans (clarinetsolo bij het Orkest
213 1897 1354 1953 Iste Prijs van het Koninklijk Conservatorium te Brussel.)
177 1972 1677 2029 Woensdag, 15 Maart. te 8 ure, bij algemeen verzoek, 2de Uitvoering van
200 2010 1675 2093 hetSAINT-SAENS CONCERT, (oratorium DE ZONDVloED), met de mede.
213 2067 1677 2137 werking van Mejuffers A. Van Elsacker en M. Paris en van MM. J. Tijssen
209 2124 536 2188 en J. Collignon
203 2192 1677 2257 Bericht. — Het is verboden in de Concertzaal te wandelen gedurendes
164 2234 1667 2304 de muziekuitvoeringen. Niet ingenomen plaatsen mogen onder geen voor
167 2289 840 2339 wendsel voorbehouden worden.
205 2323 1677 2375 De kinderen onder de 12 jaar, zijn niet toegelaten op de Concerten van
165 2358 1679 2415 Woensdagen. Kinderen van 12 tot 15 jaar, moeten vergezeld zijn van
162 2413 464 2475 hunne ouders.
156 2437 1683 2544 Koorafdeeling: Maandag, 13, te 8 ure's avonds: Samenoefening voor de
198 2525 892 2578 2de uitvoering van den Zondvloed.
542 2551 1306 2658 Drukk. Cl. Thibant, Gratiekapelst raat 7, Telefoon 1482.
