1857 2846
1237 175 1418 259 ohne ei-
411 191 480 262 e
618 165 1196 276 PROGRAMME
809 341 1082 429 1e PARTIE.
204 441 1501 515 1. Marche du Synode (extraire de l’opéra Henry VIII).
799 506 1714 566 (Impressions pittoresques d’un voyage en
204 509 774 593 2, Suite algérienne.
780 559 946 615 Algérie)
780 598 1707 653 a) Prélude (En vue d’Alger) ; b) Rhapsodie mauresque;
779 654 1700 717 c) Rêverie du soir (à Blidah) ; d) Marche militaire fran¬
779 692 884 760 çaise.
199 760 995 852 3. Phaéton (poème symphonique).
779 866 1705 923 PHAÉION a obtenu de conduire dans le Ciel le char du
809 905 1711 951 Soleil, son père. Mais ses mains inhabiles égarent les
813 937 1705 981 coursiers. Le char flamboyant, jeté hors de sa route,
814 976 1704 1014 s’approche des régions terrestres. Tout l’univers va
821 1005 1705 1051 périr embrasé, lorsque Jupiter frappe de sa foudre
811 1041 1177 1106 l'imprudent Phaéton.
201 1118 1567 1199 4. La Fiancée du Timbalier (Ballade de Victor Hugo).
359 1177 981 1251 Mlle Adolphine Van Elsacker.
733 1259 1070 1332 cet St. Aloisia
789 1337 1092 1423 IIe PARTIE.
576 1436 1322 1564 LE DÉLUGE
467 1564 1440 1656 Poème biblique en 3 parties de Louis Gallet.
768 1666 1116 1740 PREMIÈRE PARTIE
353 1717 1152 1774 Corruption de l’homme. — Colère de Dieu.
1191 1716 1540 1803 Alliance avec Noé.
768 1767 1118 1821 DEUXIÈME PARTIE
719 1799 1174 1862 L’Arche. — Le Déluge.
770 1842 1131 1910 TROISIÈME PARTIE
416 1864 1484 1963 La Colombe. — Sortie de l’Arche. — Bénédiction de Dieu.
687 1995 1550 2070 Mlle ADOLPHINE VAN ETSACKER
688 2039 1157 2097 Mlle MARIA PARIS
305 2031 453 2119 SOLI
688 2089 1142 2157 M. JEAN TIJSSEN
680 2145 1234 2223 M. JEAN COLLIGNON
264 2217 864 2326 Chœur Mixte de la Société.
262 2332 1251 2436 Le solo de violon par M. Edmond De Herdt.
