1857 2889
269 298 1643 371 Koninklijke Maatschappij van Dierkunde
753 369 1178 434 IN ANTWERPEN.
498 451 1354 525 ZONDAG 19 MAART 1899
765 498 1233 567 te 3 1|2 ure’s namiddags
1276 548 1541 680 ANCER
434 542 1028 676 MFONISCH
928 672 993 722 DATES DES ACTES
557 705 1349 759 door het Orkest der Maatschappij
384 761 1554 817 onder de leiding van M. EDWARD KEURVLS
613 801 1314 845 — ƒ
778 826 1018 884 PROGRA
1009 826 1320 907 MMA
601 863 1016 915 r.
801 891 1126 955 EERSTE DEEL
1314 915 1583 986 E. PESSARD.
198 924 920 980 1. Le Char (opingstuk)
1312 972 1643 1032 F. A. Gevaert.
198 976 890 1026 2. Spaansche fantazie
204 1018 730 1080 3. a) Herinnering
1310 1014 1610 1089 JUL. SCHREY.
473 1041 1005 1120 Heeft het lot ons gescheiden,
469 1097 918 1134 is alle hoop verdwenen,
475 1122 953 1178 toch leeft gij in mijn ziel.
261 1155 888 1216 b) Liefdesontwaken
1299 1143 1693 1220 FLOR. ALPAERTS.
473 1199 1018 1245 Ik zag u van heel verre komen,
475 1226 1097 1287 verblindend licht en vol van pracht;
471 1272 1045 1310 ik sloot verrukt mijn oogen zacht
473 1297 1145 1353 en dacht een wondre droom te dromen.
473 1341 1089 1404 Toen zijt ge stil tot mij gekomen...
469 1387 1045 1431 en heerlik zong de lente-nacht,
469 1418 1072 1462 en lichtend was de lucht die nacht,
475 1462 1089 1508 en zingend ruisten zacht de bomen.
471 1497 1099 1552 En toen het woord uw mond ontviel,
473 1543 1078 1581 toen werd het lichter in mijn ziel.
478 1562 1199 1627 waar zacht uw licht kwam binnendringen.
509 1610 1078 1662 erwijl mijn hart — het têre wicht —
473 1658 1061 1698 verblind van zoveel glans en licht
475 1693 1078 1750 een heel vaag lied begon te zingen.
1045 1706 1262 1791 (Jan Eelen.)
1320 1733 1737 1821 CAM. SAINT-SAENS.
202 1739 720 1821 4. Heldenmarsch
799 1789 1134 1860 TWEEDE DEEL
202 1841 1622 1910 5. Saül (openingstuk voor het treurspel van Alfred). ANT. BAzzINI.
302 1887 1314 1933 De toondichter heeft de tegenstelling willen afschilderen
265 1925 1310 1964 tusschen de karakters van Saül en David, het eerste vol
265 1958 1314 2017 hoogmoed, toorn en dwingelandij, het andere zoetaardig
269 1988 538 2042 en edelmoedig.
302 2004 1318 2079 Het slot van het werk stelt voor de dood van Saül en
265 2060 966 2106 den inval der zegepralende Filistijnen.
1326 2065 1693 2158 JUL. MASSENNET
196 2088 1030 2148 6. Thaïs (meditatie uit het zangspel)
373 2113 1228 2188 De vioolsolo door M. Edmond De Herdt.
200 2159 1379 2244 7. Van Gluck tot Wagner (symfonische brokken).
478 2221 1005 2257 GLUK : Armide (opingstuk).
473 2252 1009 2296 HAYDN : r° Symfonie (andante).
469 2273 1109 2332 MoZART: Don Juan (finale; menuet).
473 2325 1034 2365 baethovn: 5e Symfonie (finale).
480 2350 1247 2402 WEBER: Freischütz ( openingstuk ; cavatine).
473 2384 1032 2438 MENDELSSOHN : Bruiloftsmarsch.
469 2427 845 2469 SCHUBERT : Serenade.
478 2442 1032 2515 WAGNER: Rienzi (opingstuk).
1080 2461 1570 2532 ED. LALO.
200 2476 613 2548 8. Rhapsodie.
638 2513 717 2546 ..
202 2525 1743 2613 Woensdag, 22 dezer, te 8 ure s’avonds: Buitengewoon Concert met de
229 2590 1746 2644 medewerking van Mejuffer Mathilda Ontrop, harpiste bij het Orkest
238 2630 1741 2688 der Maatschappij en van M. J. Dethier, tenor, professor te Luik,
238 2682 1460 2738 1ste Prijs van het Koninklijk Conservatorium te Brussel.
580 2726 1107 2813 Drukk. Cl. Thibaut, Gratiekupelstraat,
