1926 2852
329 237 1707 336 Koninklijke Maatschappi; van Dierkunde
812 323 1235 384 IN ANTWERPEN.
520 384 1506 484 WoensDAG 22 MAART 1899
875 453 1217 518 te 8 ure's avonds
885 495 994 562 u. d.
512 547 1007 627 Mronist
1238 508 1636 650 CONCERT
489 602 1407 673 DATES DES ACTES
1552 631 1647 682 Bununuristä
612 659 1405 721 door het Orkest der Maatschappij
441 698 1598 757 onder de leiding van M. EDMARD KEURVLS
252 738 1772 807 en met de medewerking van Mej. MATHILDA ONTROP, Harpiste
317 776 1699 841 bij het Orkest der Maatschappij, en van M. J. DETHIER, Tenor
252 795 636 883 Professor te Luik,
640 829 1772 893 Isten Prijs van het Koninklijk Conservatorium te Brussel.
663 881 1372 917 —.—
801 898 1063 952 PROGRA
1061 902 1179 973 AMM
654 929 1066 979 r
1202 904 1367 1000 Herrn
856 963 1172 1021 EERSTE DEEL
252 986 1021 1065 I. Euryanthe (opingstuk)
1372 994 1774 1078 C.M.VONWEBER.
310 1049 873 1124 Zorahayda (Legende)
1382 1059 1768 1143 JOH. S. SVENDSEN.
453 1080 1053 1154 Solist : H. Edm. De Herdt (viool).
359 1133 1663 1195 ... Op eenen helderen zomernacht was Jacintha alleen gebleven in cene zaal van het Alhambra
300 1158 1669 1237 Bij eene albasten fontein zat zij te weenen : snikken ontsnapten haren boczem en tranen vielen stil in
306 1210 631 1246 het doorschijnend nat...
359 1225 1670 1284 Langzamerhand werd het water beroerd, en midden eenen vormeloozen damp verscheen de schim
302 1273 1670 1317 eener schoone jonge vrouw. dragende in hare handen eene zilveren luit. Haar gewaad, schitterend van
300 1298 885 1336 gesteenten, was dit eener moorsche prinses.
357 1313 1669 1372 « Sterfelijke maagd », sprak zij teeder, « waarom weent gij? Waarom stoort gij door uwe klachten
298 1334 1674 1401 de stilte des nachts? » — « Ik beween den welbeminde, die mij heeft verlaten! » —« Droog uwe
304 1386 1663 1435 tranen. uw leed zal weldra eindigen. Doch luister. Vóór u ziet ge de roeve Zorahayda. Even als gij
296 1411 1665 1460 kende ik de follering-n eener ongelukkige liefde. Een kristen ridder had mijn hart veroverd ; ik had
296 1441 1663 1487 beloofd zijn geloof te omhe zen en hem te volgen naar zijn geboorteland. Doch op het beslissend oogen¬
302 1472 1670 1521 blik verliet mij mijn moed ; ik weifelde, en werd gevangen gehouden in dit paleis, waar ik stiert na
298 1504 1665 1546 een smartvol leven. Sinds hebben de Geesten des kwaads alle vermogen op mij, en ik moet hen onder¬
302 1533 1667 1575 worpen blijven tot den dag waarop eene reine christe e hand de toovermacht zal verbreken die mij hier
294 1560 1667 1602 kluistert: gij kunt mij bevrijden. Wilt gij dit? Spreek! » — « Ja, ik wil het » antwoordde bevend
300 1592 1669 1636 Iacintha — « Nader dan. Domp 1 uwe hand in het water dezer fontein, doop mij volgens uw geloof,
300 1626 1667 1665 en mijne ziel erlangt den eeuwigen vrede. — Jacintha naderde, nam water in de holte harer hand, en
296 1653 1667 1699 stortte het op hei hoofd der schim. Toen liet Zorahayda, het wezen verklaard, de luit zachtjes glijden
300 1684 1248 1720 nuast de fontein, kruiste hare blanke armen op hare borst en verdween...
352 1697 1663 1756 Jacintha dacht te ontwaken uit een droom. Maar de zilveren luit ziende aan hare voeten, verging
285 1726 1676 1798 haar twijfel, en bij de herinnering van Zorahayda’s voorzegging, straalde haar gelaat van hoop en
292 1768 419 1820 vreugde.
306 1804 453 1873 Wer
447 1791 1758 1877 'ther (Aanroeping tot de Natuur)... JULES MASSENET
405 1854 701 1907 M. J. Dethier.
235 1892 778 1978 4. Feeënvertelsel.
1001 1913 1726 1990 CH. OBERTHÜR.
405 1949 875 2020 Mej, Mathilda Ontrop.
829 2001 1168 2081 TWEEDE DEEL.
235 2058 1189 2137 5. Schilderachtige tooneelen..
1265 2055 1722 2156 JUL. MASSENET.
455 2110 870 2162 Marsch; b) Danswijze;
447 2141 990 2207 Angelus: d) Boheemsch feest
233 2171 778 2230 6. a) Virgo Maria
1344 2164 1720 2251 CH. OBERTHÜR.
289 2223 885 2290 b) Springbrunnen
900 2221 1602 2309 A. ZABEL.
405 2267 887 2336 Mej. Mathilda Ontrop
229 2301 686 2368 7. Droomdicht
893 2303 1078 2374 ...
1137 2295 1636 2385 L. ONTROP.
499 2345 816 2418 (Iste uitvoering)
224 2370 625 2448 8. Ochtend
1107 2376 1621 2477 .... S. DUPUIS.
399 2429 717 2487 M. J. Dethier.
227 2469 1726 2559 9. Heldenmarsch C. SAINT-SAENS.
226 2548 1758 2597 Zondag, 26 dezer, te 3 1/2 ure: Concert met de medewerking van Mevr.
260 2590 1768 2645 E. Leytens Van den Bergh, Pianiste, Leerares aan het Koninklijk
268 2638 946 2699 Conservatorium te Antwerpen.
604 2695 1386 2756 Drukk. Cl. Thibaut, Gratiekupelstraat, 7 Telefoon 1489.
