1738 2761
460 199 605 275 auch
1030 210 1159 285 -
70 192 131 264 u.
72 258 141 301 3.
1484 208 1550 301 24
299 317 1299 426 Société Royale de Zoologie d'Anvers
482 488 1105 580 JEUDI 8 JUIN 1899
600 589 994 661 à 8 heures du soir
179 692 1118 825 CONCERT DE SyMP
1134 673 1430 828 HONIE
37 845 147 962 P.
524 863 1076 930 par l'Orchestre de la Société
389 911 1196 1020 sous la direction de M. Edward REURVLS
434 1089 1172 1214 PROGRA MME
600 1222 994 1326 PREMIÈRE PARTIE
159 1326 1359 1419 I. Le Capitaine Henriot (ouverture)... F. A. Gevaert
163 1406 1355 1500 2. Le Retour d’Ulysse (ode symphonique) Jos. Callaerts
229 1478 1167 1561 a) Avant le départ ; b) En mer ; c) Arrivée triomphale.
1017 1553 1323 1651 H. Waelput
165 1564 468 1640 3. Sérénade
296 1612 948 1697 Le solo de flûte par M. C. GUILLAUME.
165 1697 1395 1777 4. Marche triomphale....... Jos. Huybrechts
604 1795 1006 1888 DEUXIÈME PARTIE
38 1905 117 1970 2455
165 1883 1424 1973 5. Obéron (ouverture) C. M. von Weber
167 1992 1454 2072 6. Adagio de la 8e sonate pour piano... L. Van Beethoven
306 2058 868 2152 (orchestrée par Edw. Keurvels).
171 2136 1366 2227 7. Lohengrin (transcription par Jos.Dupont) Rich. Wagner
170 2234 1310 2330 8. Festmarsch. Ed. Lassen
170 2370 1451 2437 Avis : En cas de mauvais temps, les Concerts (tant d’Harmonie que de
311 2416 948 2492 Symphonie) auront lieu dans la salle.
396 2511 1233 2591 Imprimerie Cr. TIIUodU, rue Chapelle de Gràce, 7, Anvers.
