1634 2770
470 193 601 265 ein
1004 185 1159 265 -von
89 188 168 251 le
94 241 163 282 Pf.
321 296 1319 403 Société Royale de Zoologie d'Anvers
409 475 1237 567 DIMANCHE 18 JUIN 1899
619 587 1009 656 à 8 heures du soir
202 666 930 827 CONCERT DE S
924 670 1438 829 Yickonien
52 832 144 904 e
542 838 1081 912 par l’Orchestre de la Société
401 899 1206 996 sous la direction de M. Edward KEURVLS
456 1095 1179 1198 PROGRA MME
612 1214 1001 1297 PREMIÈRE PARTIE
175 1314 1389 1433 I. Marche du Galoubet...... Rod. Berger
175 1424 1389 1521 2 Lara (transcription)..... A. Maillart
188 1502 1344 1593 3 Baby’s sweethaert....... W. Corri
177 1599 1358 1682 4. Le Mariage au tambour (fantaisie)... L. Vasseur
606 1712 998 1803 DEUXIÈME PARTIE
177 1782 1424 1909 5. Leichte Cavalerie (ouverture)..... Fr. von Suppé
171 1905 1352 1983 6. Ariele, die Tochter der Luft ( final de l'opéra) Em. Bach
180 1984 738 2075 7. Indra (transcription).
1092 1997 1436 2116 .F. von Flotow
307 2047 1012 2121 Solistes : MM. Epm. DEHEROT ( violon) et-
561 2094 966 2169 J. CoOTMANS (clarinette).
179 2155 1363 2233 8. Follette (valse)...,.. .  Ern. Gillet
175 2321 1424 2363 Avis : En cas de mauvais temps, les Concerts (tant d’Harmonie que de
310 2338 930 2382 Symphonie) auront lieu dans la salle.
177 2406 1435 2479 On ne pourra retenir sous aucun prétexte des chaises ou des places non
313 2439 1110 2498 occupées, ni déplacer le mobilier des terrasses.
69 2470 136 2539 pr
64 2526 136 2594 76
384 2487 1219 2598 Imprimerie CL.THIBAUT, rue Chapelle de Grâce, 7. Auvers.
1457 2410 1532 2540 19
1449 2525 1522 2584 J
