1784 2775
524 235 665 313 u
1070 222 1201 309 -om
125 248 198 299 Von
128 294 192 329 6.
358 334 1357 446 Société Royale de Zoologie d'Anvers
454 508 1287 611 DIMANCHE 25 JUIN 1899
668 627 1058 711 à 8 heures du soir
248 729 1485 878 CONCERT DE SymPHONIE
590 889 1142 975 par l'Orchestre de la Société
459 951 1257 1039 sous la direction de M. Edward KEURVLS
499 1143 1241 1245 *PROGRA MME
668 1279 1073 1370 PREMIÈRE PARTIE
1082 1369 1426 1466 Otto Ræder
237 1369 827 1461 I. Le Salut (marche).
232 1469 1453 1592 2. La Bohémienne (ouverture).... M. W. Balfe
240 1573 1431 1695 3. Don Pasquale (transcription).... G. Donizetti
240 1674 1423 1779 4. Polka des boulevardiers Rod. Berger
676 1786 1071 1863 DEUXIÈME PARTIE
241 1872 1416 1994 5. Festmarsch. Ed. Lassen
238 1974 1480 2070 6. Guiramento (prélude et chœur de l’opéra). S. Mercadante
246 2074 1416 2187 7. Rienzi (ouverture) R. Wagner
245 2162 1527 2288 8. Paola (valse) A. de Trabadelo
248 2321 1525 2389 Avis : En cas de mauvais temps, les Concerts (tant d'Harmonie que de
382 2368 1020 2419 Symphonie) auront lieu dans la salle.
251 2441 1520 2481 On ne pourra retenir sous aucun prétexte des chaises ou des places non
382 2480 1201 2556 occupées, ni déplacer le mobilier des terrasses.
142 2540 216 2598 S.
1536 2443 1623 2609 8/
464 2553 1301 2635 Imprimerie Ct.. THIBAUT, rue Chapelle de Gràce, 7, Anvers.
133 2584 206 2630 7/8
