1725 2647
524 110 655 198 -o
1066 115 1205 196 -von
110 115 182 177 No
1533 123 1594 177 d.
1538 167 1594 202 20
118 166 185 202 O.
352 230 1363 346 Société Royale de Zoologie d'Anvers
516 398 1205 480 JEUDI 29 JUIN 1899
657 499 1050 582 à 8 heures du soir
234 614 1479 741 CONCERT DE SymPHONIE
94 770 186 842 5.25
579 747 1127 834 par l’Orchestre de la Société
446 821 1246 905 sous la direction de M. Edward KEURVLS
486 956 1226 1068 PROGRA MME
658 1081 1050 1165 PREMIÈRE PARTIE
214 1176 869 1256 I. Semiramis (ouverture)..
940 1168 1361 1248 .... G. Rossini
214 1246 1439 1324 2. I Medici (transcription)....... R. Leoncavallo
214 1329 1395 1423 3. Gavotta e Musetta G. Sgambati
218 1399 1414 1474 4. Saül (ouverture pour la tragédie d'Alfieri). Ant. Bazzini
338 1458 1493 1503 L'auteur a voulu dépeindre le contraste entre les caractères de Saül et de David ;
218 1497 1493 1548 le premier, plein d’orgueil, de colère et de despotisme, le second, fait de douceur et de
217 1525 368 1571 générosité
338 1554 1492 1626 Le final de l’œuvre représente la mort de Saal et l'irruptton victorieuse des
214 1571 371 1638 Philistins.
655 1646 1055 1732 DEUXIÈME PARTIE
220 1763 1501 1833 5 Leonore-Ouverture n° 3.... L. Van Beethoven
220 1825 1455 1903 6. A) Chant du soir Rob. Schumann
274 1889 1463 1992 B) Chanson du printemps.... F. Mendelssohn
225 1970 1492 2064 7. Invitation à la danse C. M. von (Weber
218 2050 1071 2123 8. Kaisermarsch
1095 2040 1433 2137 Rich. Wagner
225 2121 1503 2226 Avis : En cas de mauvais temps, les Concerts (tant d’Harmonie que de
359 2206 994 2265 Symphonie) auront lieu dans la salle.
228 2285 1495 2335 On ne pourra retenir sous aucun prétexte des chaises ou des places non
362 2328 1175 2402 occupées, ni déplacer le mobilier des terrasses.
1535 2372 1594 2438 id
110 2362 180 2456 S.
1538 2426 1600 2501 N
441 2387 1277 2478 Imprimerie Cl.TIIBAUT, rue Chapelle de Grâce, 7. Anvers.
107 2446 183 2504 No
