3425 5275
2067 530 2573 704 it, à
389 555 973 727 * rt
807 604 2631 822 Reglement.
1981 756 2568 885 l*o ouilmois ou:t
1818 859 2628 945 i>i.u leo î îi»v»u ooueiaen n»
429 893 2676 1051 article 1er. Le but principal que se propose la Société est l'exécution de mor-
372 1036 2665 1151 ceaux écrits pour les voix, sans accompagnement ou avec accompagnement
384 1134 2671 1248 «l'orgue, et particulièrement par les Maîtres français, belges, italiens et allemands
372 1237 1171 1348 des XVIe et XVIIe siècles.
447 1294 2671 1451 Art. 2. La Société n'exécute que des morceaux dont les auteurs sont morts
389 1394 1551 1503 avant le commencement du XIXe siècle.
441 1457 2293 1589 Art. 3. Les Membres de la Société sont divisés en deux classes
444 1583 1809 1675 1° Membres souscripteurs (exécutans ou non) :
438 1649 1898 1786 3° Membres honoraires (libres ou exécutans).
2433 1732 2619 1852 1
452 1735 2241 1872 Art. 4. Il est établi trois catégories de Souscripteurs, savoir :
429 1826 2659 1941 1° Les Sociétaires dont la souscription est de 120 fr., lesquels ont droit, outre
384 1929 1875 2030 leur entrée personnelle, à deux billets par concert.
447 2018 2665 2133 2* Les Sociétaires célibataires, dont la souscription est de GO fr., et ne leur
2176 2110 2373 2196 1
389 2110 2075 2230 donne droit qu'à une entrée personnelle à chaque concert.
441 2198 2671 2299 3° Les Etrangers de passage à Paris, qui, pour la même somme de 60 fr., sont
384 2281 2685 2402 admis à faire partie de la Société à titre temporaire, et ont droit à leur entrée
412 2373 2579 2476 personnelle et à deux billets de faveur, mais pour trois concerts seulement.
449 2462 2682 2559 Art. 5. Tout billet de faveur, délivré conformément à l'Art. 4, devra, après
389 2548 2682 2651 avoir été signé par le Membre sociétaire, et mis par lui au nom de la personne
406 2639 2682 2751 pour laquelle il en dispose, être renvoyé au Secrétariat de la Société, 19, rue
395 2725 1225 2837 Laffitte, pour y être timbré.
452 2814 2568 2911 Art. 6. La réunion des Dames Patronesses forme le Comité d'admission.
469 2908 2688 3006 Art. 7. La demande de toute personne désirant faire partie de la Société est
395 3008 2671 3106 préalablement soumise à ce comité par l'une des Dames Patronesses, qui signe,
384 3086 2133 3172 avec le Directeur, le diplôme délivré au nouveau Sociétaire.
469 3137 2685 3263 Art. 8. L'admission dans les chœurs de toute Dame Sociétaire est préalable-
401 3263 2674 3381 ment soumise à l'approbation des Dames, Membres Souscripteurs, faisant partie
401 3352 1700 3469 des choeurs au moment de cette présentation.
469 3375 2688 3538 Art. 9. Le diplôme do Membre honoraire sera accordé par le Comité des
389 3507 1895 3647 Dames Patronesses, sur la proposition du Directeur.
469 3570 2685 3736 Le nombre des Membres honoraires ne saurait excéder soixante : ils ne pour¬
384 3670 2047 3841 ront être choisis que parmi les artistes les plus distingués.
458 3767 2682 3904 Art. 10. Le nombre des concerts à donner dans chaque exercice est laissé à
395 3882 2682 4050 la fixation du Directeur; mais il en a habituellement six du mois de Février
395 3979 896 4108 au mois de Mai.
464 4002 2682 4171 Art. 11. Pour être admis à chanter à un concert, les Choristes amateurs de¬
406 4133 2682 4317 vront avoir assisté au moins à une répétition par semaine, et aux deux répéti¬
398 4239 1191 4391 tions précédant le concert.
