3396 5250
816 539 3039 705 Le même nombre de répétitions n'est pas obligatoire pour les Membres hono¬
751 713 2597 810 raires ; mais ils doivent assister aux deux dernières répétitions.
810 790 3034 913 Chaque Membre exécutant, à son entrée à la répétition, inscrit son nom sur
748 873 1601 1007 un registre ouvert à cet effet
805 916 3028 1073 Le Membre souscripteur qui a assisté à toutes les répétitions d'un concert
742 1053 2605 1159 reçoit deux billets de faveur, en sus de ceux auxquels il a droit.
799 1150 2979 1253 Le Membre honoraire dans les mêmes conditions reçoit un billet de faveur.
810 1230 3034 1347 Art. 12. Le nombre des Membres honoraires libres est limité à douze; ils
742 1324 3022 1430 forment un Comité consultatif de perfectionnement attaché à la Société dans l'in¬
742 1410 1338 1535 térêt de son avenir.
805 1501 3034 1607 Art. 13. Les fonds provenant de la Souscription sont employés en honoraires
742 1584 3028 1689 pour un Sous-Directeur, cinq Professeurs de classes de chant et un Secrétaire
748 1684 3016 1772 de la Société, ainsi que pour les appointemens des choristes chefs d'attaque,
748 1758 1307 1881 hommes et enfans.
805 1772 3028 1955 Ils servent en outre aux dépenses occasionnées par la location des salles de
736 1941 3031 2038 répétition et de concert; les frais de gravures de la collection musicale et de
731 2040 3025 2155 copie, les employés de toute espèce, les frais de bureau, et toutes autres dé¬
742 2117 1344 2240 penses nécessaires.
810 2206 3028 2309 Art. 14. Un état des Dépenses et Recettes est soumis, par le Directeur, à la
731 2303 3016 2406 fin de chaque exercice, à l'approbation d'un Comité de comptabilité, composé
719 2400 2694 2491 de cinq Membres choisis en Assemblée générale des Souscripteurs.
739 2494 1096 2605 B.H.F.K
742 2571 1233 2691 Iraa-
1290 2574 2446 2757 SOUS-DIRECTEUR DE LA SCIÉTÉ,
733 2671 953 2774 M r.
1059 2665 2714 2859 M. L. NIDDERMEYER, 19, rue de la Chaussée-d'Antin.
879 2802 1247 2939 ouvrier les
1276 2842 2466 2948 MAITRES DES CLASSES DE CHANT:
919 2939 1692 3065 Soprani, MM. CARLINI.
2063 2925 2805 3076 Ténors, MM. DIETSCH.
1398 3042 1629 3165 VERA
925 3042 1233 3179 Contralti,
2060 3042 2297 3190 Basses,
2491 3042 2742 3202 VOGEL.
1133 3122 2631 3307 DISECTEUR DE MM. LES CHEFS D'ATTAQUE,
782 3139 1076 3310 idatavig t
1321 3288 2166 3424 M. TREVAUX.
782 3296 1239 3442 it, mais il y a
1378 3379 2366 3553 Secrétaire de la société,
945 3456 1102 3601 tod
1273 3444 2500 3659 M. le Baron DE VAUX, 19, rue Laffitte.
907 3619 1727 3758 ou 'tous les toutes les
1333 3730 2423 3858 MEMBRES HONORAIRES LIBRES
753 3838 3011 4015 FORMANT LE COMMITÉ DE PRFECTIONNEMENT ACTIACHÉ A LA SOCIÉTÉ :
1033 3938 1395 4092 MM. ADAM,
2035 3972 2520 4092 MM. Onslow,
1170 4061 1441 4169 AUBER,
2189 4058 2497 4178 RossINI,
1164 4144 1475 4261 CARAFA,
2183 4158 2820 4261 SPONTINI,
1153 4221 1470 4349 HALEVY,
2177 4252 2968 4375 BOTTÉE DE TOULMON,
1167 4312 1604 4475 MEVERBER,
2177 4329 2623 4483 ZIMMERMAN.
