3475 5308
343 502 2592 739 «v» tuevioi »**
1756 657 2589 837 i>i>n>i tous l'eux
411 702 959 834 * ^ ^ ^
1676 768 2521 956 F.
354 802 1136 968 « lu>urir*
1827 919 2535 1031 I.H.I.
431 948 2618 1142 L'intention de la Société des Concerts de musique vocale, reli¬
354 1068 2629 1222 gieuse et classique, en publiant ce recueil de morceaux choisis parmi
354 1213 2621 1313 les ouvrages des anciens maîtres, est de faire connaître, et de ré¬
363 1285 2632 1430 pandre autant que possible dans le monde, dans les écoles de chant
360 1405 2632 1519 et dans les chapelles, le goût de la bonne et sévère harmonie, et du
354 1507 1793 1664 style musicaI véritablement ecclésiastique.
2261 1570 2624 1699 2 ejnoquid:
443 1613 2638 1770 Se borner à exécuter ces morceaux devant un auditoire nécessai¬
354 1756 2629 1876 rement fort limité, n'eût été pour la Société que remplir une partie
354 1856 2624 1987 de la mission qu'elle s'était proposée ; il fallait les faire circuler
380 1964 2632 2093 parmi les artistes et les amateurs, en en facilitant la lecture et l'étude.
354 2093 2635 2215 Nous nous sommes efforcés de réaliser ce but en apportant le plus
371 2207 2641 2301 grand soin à éviter les fautes typographiques qui ne se glissent que
360 2293 2635 2412 trop souvent dans des publications de ce genre, et en indiquant les
365 2407 2624 2541 nuances qu'aucun ancien manuscrit de ces compositions ne fait con¬
360 2498 2073 2598 naître, mais qui ont été recueillies par la tradition.
2116 2535 2335 2664 lung
454 2604 2652 2752 Quoique la manière d'exécuter la musique dite à la Palestrina ne
354 2701 2641 2858 soit pas une énigme dont nous prétendions avoir seuls la clef, il est
365 2852 2641 2989 incontestable qu'elle présente au premier abord certaines difficultés
371 2926 2641 3086 que l'expérience nous a appris à résoudre, et à l'égard desquelles
380 3029 2018 3215 quelques mots d'explication ne sont pas inutiles.
2064 3069 2410 3212 t
448 3186 2629 3340 On doit d'adord ne pas se méprendre sur le mouvement de ces mor¬
365 3278 2624 3426 ceaux. La valeur de la mesure y est bien de deux ou trois rondes,
380 3415 2632 3523 mais il faut y considérer la blanche comme égalant environ 92 de¬
380 3497 2635 3617 grés du métronome de Maelzel. Le sens des paroles, l'expression à
371 3600 2652 3709 donner à la musique, le lieu où l'on chante, régleront le sentiment
371 3703 2624 3829 du directeur dans l'indication du mouvement, qu'on ne saurait dé¬
371 3806 2398 3948 terminer d'avance, mais qui est généralement un peu animé.
2475 3883 2624 4000 5,0
434 3917 2644 4088 Ces chœurs doivent être chantés avec la plus grande douceur, et
360 4083 2655 4174 aussi legato que possible. Pour cela, il sera utile que la moitié des
371 4168 2647 4285 personnes exécutant la même partie s'arrange de manière à respirer
365 4265 2641 4380 un peu avant l'autre, afin qu'il n'y ait jamais de solution de conti¬
354 4368 2641 4557 nuité entre les sons, si ce n'est aux endroits indiqués par des pauses;
