3396 5258
753 501 3040 707 et cela sans faire attention aux paroles : les choristes ne doivent avoir
761 644 1646 819 égard qu'à l'effet général.
822 773 3046 907 Le maître de chapelle exigera sévèrement que les piano soient dits
744 899 3040 1005 à quart de voix; nous ne saurions trop insister sur la nécessité de
761 993 3049 1162 les observer avec le plus grand soin, car le principal défaut des
750 1096 2130 1280 masses chorales est de chanter trop fort.
2708 1165 3026 1268 G.H.F.P.
833 1234 3049 1391 Les forte ne devront donc pas être exagérés; ils sont d'ailleurs assez
761 1391 3040 1494 rares dans ces compositions. Poco forte, quasi forté, voilà presque
761 1468 3049 1580 toujours le maximum d'intensité de son auquel on atteigne dans la
770 1566 1354 1697 chapelle Sixtine.
833 1680 3040 1843 Il ne faut donc jamais crier les forte ; les voix d'hommes et d'en
764 1783 3057 1946 fans surtout, quand elles forcent, ont généralement un son guttural
753 1944 2313 2090 et vulgaire qu'il est à propos d'éviter.
2696 1932 3020 2044 «*v>
833 2061 3051 2178 Cette musique sera donc rendue avec un sentiment en quelque
753 2167 3046 2281 sorte respectueux qui exclue les éclats de voix et les effets bruyans ;
764 2279 3046 2387 les demi-teintes y domineront presque exclusivement; on l'exécu¬
2877 2364 3049 2462 3,3
764 2387 2241 2522 tera avec beaucoup d'onction et de suavité.
2668 2436 3026 2562 G,F,T
844 2476 3060 2671 La scrupuleuse observation de ces préceptes est indispensable,
764 2634 3046 2788 non seulement pour que l'exécution des morceaux a capella soit agréa¬
779 2739 3057 2845 ble, mais pour que même ils puissent être compris. Chantée à lue
779 2837 3057 3006 tète, sans nuances, comme on chante au lutrin, la musique de Pales-
779 2943 3040 3126 trina, de Lasso, d'Allegri, au bout de quelque temps, paraîtra mono¬
784 3063 2247 3206 tone et fatigante à la plupart des auditeurs.
844 3152 3069 3363 Dite avec soin et expression, aucune harmonie au monde n'est plus
764 3320 1843 3435 faite pour émouvoir et charmer.
2883 3369 3051 3484 2»
850 3398 3069 3604 Lorsque les parties alternent, se succédent, et cela a lieu dans la
781 3572 3057 3678 plupart de ces morceaux, qui sont généralement fugués, il faudra
781 3673 3046 3804 faire sentir la première note des attaques ou des réponses, mais ce
779 3781 3066 3945 pendant sans trop forcer ; il en est de même pour les notes syn¬
781 3876 1051 4013 copées.
1835 3942 2115 4053 2.
1234 3956 1391 4059 G.H.
867 3947 3054 4139 Une fois l'accord bien donné et bien entendu, le maître de cha
793 4082 3066 4254 pelle bat une mesure pour faire connaître le mouvement. Cette me-
779 4251 3057 4391 sure, qui ne compte pas, étant terminée, le choeur commence aux
2668 4337 3071 4517 2*2*9
1709 4357 1861 4506 G.Ed.
833 4368 1176 4517 sans les
