3417 5271
336 430 2628 664 sitôt. Il est superflu d'ajouter que la musique à la Palestrina doit être
353 610 1422 758 chantée sans accompagnement.
433 735 2622 869 Comme elle est écrite assez bas, il sera nécessaire de forcer beau¬
342 875 2585 975 coup le nombre des soprani, et de mêler aux contratti quelques té
342 963 2534 1072 nors hauts. Les ténors et les basses peuvent être en nombre égal.
422 1077 2608 1211 Après une note marquée d'un point d'orgue, le directeur cesse
336 1200 2608 1314 de battre, mais le chœur doit doubler la valeur de cette note en pro¬
342 1311 2605 1465 longeant le son de manière à ce qu'il diminue graduellement et s'é
333 1416 2286 1570 teigne tout à fait lorsque la valeur de la note a été doublée.
416 1548 2596 1682 L'observation de ces quelques régles, dont notre expérience nous
322 1679 2602 1773 a appris la nécessité, facilitera la mise ensemble et la lecture des
333 1773 2602 1895 choeurs de Palestrina, de Lasso, de Vittoria, d'Allegri, et en général
325 1887 1211 2029 des auteurs du 16e siècle.
390 1984 2608 2180 Exécutée avec le soin nécessaire, cette musique, dit Choron, produit un effet
325 2146 2608 2246 extraordinaire qui a réellement quelque chose de surnaturel, et qui justifie lu
325 2249 2596 2348 qualification de genre Aublimc que les maîtres de tous les temps ont exclusivement
325 2346 1707 2482 et unanimement décernée au style de Palestrina.
1351 2508 2440 2742 LE PRINCE DE LA MOSKowA.
1009 4141 2474 4378 Imprimerie de Bauspar, rue Croix-des-Petits-Champs, 33,
