3310 4322
717 501 1054 591 Vorwort
443 637 1474 698 Bei dieser neuen Ausgabe von J. S. Bachs
357 706 1462 764 wohltemperirtem Clavier hat man vor Allem
351 768 1465 843 gestrebt, durch Vergleichung aller frühern Aus¬
357 836 1460 914 gaben so wie einiger ältern Handschriften, die
354 923 1446 976 möglichste Correctheit und Vollständigkeit zu
357 981 1480 1040 erlangen. In der Angabe des Fingersatzes, wodurch
357 1046 1470 1108 dieses Werk eine weit grössere Gemeinnützlich¬
354 1109 1473 1182 keit erhält, wurde stets der zweifache Gesichts-
362 1176 709 1257 punkt beachtet:
400 1262 1453 1350 Erstens, die Hände, auch in den verwickeltes¬
484 1344 1333 1438 ten Fällen möglichst ruhig zu halten;
406 1446 1449 1525 Zweitens, jede cinzelne Stinme zon den An¬
460 1521 1442 1600 dern unabhängig, streng gebunden und folge-
460 1588 1074 1678 recht ausführen zu können.
446 1687 1489 1743 Der Spieler wird die daran zu erwendende
354 1756 1489 1821 Mühe, sowohl auf dem Fortepiano wie auf der Orgel,
357 1818 1473 1886 durch die gehaltreiche Wirkung belohnt finden, die
362 1890 1459 1963 mit einem vollstimmigen und fliessendem Spiele
357 1963 843 2045 hervorgebracht wird.
449 2057 1374 2130 Das Zeitmaas und den Vortrag habe ich
400 2161 1453 2241 1) nach dem unziveifelhaften Character eines je¬
473 2223 727 2316 den Satzes,
403 2321 1446 2386 2) nach der wohlbewahrten Erinnerung wie ich
478 2396 1443 2452 eine grosse Anzahl dieser Fugen einst von
480 2464 1085 2554 Beethoven vortragen hörte,
400 2565 1453 2618 3) endlich nach den Ideen aufzuzeichnen und zu
474 2632 1452 2694 bewahren gesucht. welche ich selbst durch ein
478 2690 1453 2778 mehr als dreissigjähriges Studium dieses Wer¬
484 2752 942 2847 kes in mir festsetzte.
463 2861 1474 2919 Wo ein bedeutend schnelles Zeitmaas vorge-
359 2932 1473 3000 schrieben wurde, ist es natürlicher Weise nur für
368 2997 940 3096 das Pianoforte berechnet.
466 3093 1483 3155 Wollte man jedoch die so bezeichneten Sätze
371 3172 1476 3233 auch auf der Orgel vortragen, dann miisste allerdings
369 3232 1483 3311 das Tempo bedeutend langsamer genommen werden.
466 3325 1491 3410 Für diejenigen, denen kein Maelzel'scher Metro¬
374 3406 1491 3482 nom zu Gebote steht, wird noch erinnert, dass das
371 3474 1491 3553 Allegro bei diesen altern Compositionen in der Re¬
379 3540 1486 3615 gel viel ruhiger und langsamer zu nehmen ist, als
371 3596 958 3695 bei modernen Tonstücken.
1174 3751 1467 3849 Carl Czerny.
1933 497 2258 596 Préface
1648 630 2659 696 En préparant cette nouvelle Edition du Cla¬
1559 703 2656 774 vecin bien tempéré de. J. S. Bach, le but principal
1554 778 2659 832 a été de donner à cet ouvrage la plus exacte correc¬
1564 841 2666 899 tion avec toute l’intégrité possible par la compa¬
1559 907 2649 969 raison de toutes les Editions précédentes et de
1568 979 2667 1034 quelques anciens manuscrits. Cet ouvrage obtiendra
1571 1043 2653 1116 préférablement une plus grande popularité par le
1559 1107 2664 1182 doigter qu’on y a ajouté, procédé moyennant lequel
1568 1182 2649 1274 on a tâché d'atteindre deux grands avantages, savoir¬
1609 1268 2640 1339 1, d'apprendre à tenir les mains bien tranquilles,
1660 1341 2618 1425 même pendant les passages les plus compliqués.
1595 1446 2643 1513 II, de pouvoir faire entendre chaque voix indépen¬
1654 1514 2646 1582 dante des autres, ainsi que de jouer bien con¬
1660 1578 2629 1647 séquemment et en même temps d'une manière
1670 1641 2005 1722 exactement liée.
1654 1750 2673 1824 Le joueur se verra récompensé de sa pcine par
1564 1821 2670 1882 l'effet solide qu'il se procurera, ou sur le Piano ou
1568 1885 2664 1965 sur l'orgue, dans l'exécution coulante de pièces à
1579 1950 1889 2035 plusieurs voix.
1654 2050 2667 2110 Jai cherché à mettre hors de chaque doute la
1579 2125 2664 2192 justesse des mesures des temps, ainsi que l'exacti¬
1571 2179 2492 2280 tude des signes de l'expression y donnés :
1593 2287 2647 2366 1) en considérant le vrai caractère de chaque
1673 2363 1937 2435 composition;
1595 2454 2643 2529 2) en me sourenant de la manière, bien imprimée
1667 2529 2646 2614 dans ma mémoire, dont j'ai entendu jouer ces
1673 2602 2357 2686 lugues au grand Beethoven; et
1598 2687 2638 2762 3) en profitant des expériences qui sont le résul¬
1670 2754 2642 2841 tat de mes recherches zélées pendant l'espace
1675 2829 2659 2909 de plus de trente années à l'égard de cet ourrage.
1660 2922 2664 2993 Les mesures des temps d'une considérable
1579 2998 2667 3058 vitesse ne peuvent être calculées naturellement
1582 3059 2462 3161 que pour l'exécution sur le Pianoforte.
1663 3172 2687 3240 Si l'on veut jouer les mêmes pièces sur l'orgue,
1576 3233 2688 3324 il faut y employer une mesure beaucoup plus modérée.
1660 3334 2691 3419 Enfin on doit faire observer à ceux, qui n'ont
1579 3402 2688 3487 pas un Métronome de Maelzel à leur disposition,
1582 3479 2691 3533 que l'Allegro dans ces compositions anciennes se
1585 3539 2697 3605 joue régulièrement d'une manière beaucoup plus len¬
1581 3607 2664 3682 te et plus calme, que dans les ouvrages modernes.
2332 3758 2673 3846 Charles Czerny.
1459 3859 1657 3969 (1905.)
