9374 11874
3837 873 6087 1223 G.P.A.DA PALESTRINA.
1241 1132 4651 1509 Lillustre Palestrina, l'un des créateurs de l'harmonie
5015 1146 8461 1532 Lillustre Palestrina,uno dei creatori dell'harmonia ,e capo dell
1109 1382 4564 1764 et l'un des chefs de l'ancienne Ecole Romaine , étoit né en
4869 1418 8442 1809 antica-schola Romana, nacque nell'anno 1529 a Palestrina, anti:
1114 1655 4578 1996 1529 a Palestrina autrefois Preneste, petite ville de l'état
4833 1682 8442 2032 camente Prenesto , piccola città de lo stato Romano, d'onde
1109 1914 4596 2264 Romain, dou les Biographes modernes l'ont appellé quelque
4887 1919 8365 2278 viene che i Biographi moderni L’hanno tal volta chiamato il
1068 2141 4574 2500 fois Prenestino Il étudia son art sous le célébre Goudimel
4878 2182 8401 2528 Prènestino, fece i suoi-studi della scienza musicale sotto il
4892 2405 8411 2769 celebre Gaudimelli di Besanzone , uno de gli Eccellenti maestri
1105 2419 4578 2750 de Besançon,l'un des meilleurs maîtres de l'ancienne Ecole
1109 2678 4655 3014 Françoise, qui n'étoit elle mêmé qu'une émanation de l'Ecole Fla¬
4883 2660 8479 2987 dell’antica schola Francese, originaria della Fiamminga la pri
1087 2905 4537 3255 mande, la premiere qui ait fleuri lors de la renaissance des
4814 2896 8474 3251 mache fiori nella rinascenza delle, arti, e che puol riguardarsi
1123 3151 4560 3482 Arts, et qui doit être regardée comme la mère de toutes
4869 3141 6924 3464 come la madre di tutte le moderne.
1141 3396 2482 3728 les: Ecoles modernes.
5024 3378 8411 3732 Malgrado chei fosse nato da Parenti oscuri e poveri, Laltezza e
1259 3632 4533 3983 Quoique né dans l’indigence et l’obscurité, la beauté de
4864 3632 8406 3969 l'Eccellenza del suo Genio molto non tardò a metterlo nel primo
4851 3878 8438 4233 rango degli autori i più scentifichi; ouna circostanza particolare
1127 3864 4555 4201 son génie ne tarda pas à le placer au premier rang parmi
4869 4142 7106 4455 servi non poco alla sua illustrazione.
1105 4142 4601 4501 les compositeurs. Une circonstance particuliére vint contri¬
1087 4351 2591 4692 buer à son illustration
5019 4328 8447 4687 Verso la meta del XVI secolo i contrapuntisti avendo portato,
4860 4610 8424 4933 nel grado il più eminente L'invenzione della fuga et de i Canoni;
1246 4542 4514 4951 Vers le milieu-du 16? Siécle les Contrapuntistes ayant
4869 4869 8433 5192 abusavano di questa arte à segno di tormentare senza aleun ri¬
1164 4869 4478 5183 porté au plus haut dégré les fugues, les canons et toutes
4828 5087 8447 5428 guardo le parole sacre che mettevano in musica, facendolesolamente
1127 5092 4501 5424 les inventions artificieuses avoient pris un tel goût à ce
4864 5337 8406 5687 servire a i loro artifiziosi calcoli ; e trascurandone ilvero senso
1109 5333 4524 5706 genre de composition,que dans la musique d'Eglisesurtout, ils
4824 5560 8370 5910 Testimonio di questo misfatto, il Papa Marcello II regnante nel 1555
1041 5606 4560 5915 négligeoient absolument le sens des paroles pour se livrer
4869 5806 8438 6147 Risolse perportar rimedio a tanta Licenzia, di totalmente interdire
1105 5856 4496 6192 à des recherches de toute espece.. Témoin de cet abus, le
4828 6033 8442 6397 la musica nella celcbrazione del divino officio. Ma nel mentre che
1109 6087 4583 6392 Pape Marcel II. qui regnoit en 1555 résolut, pour y remédier,
4869 6287 8411 6656 questa risolutione deveva eseguirsi,Palestrina,havendo allora
1105 6319 4564 6656 d'exclure entiérement la Musique de la célébration de l'office
1109 6551 4596 6901 divin: Au moment où cette resolution alloit être exécutée,
4842 6547 8370 6901 26 anni, si presentò al sommo Pontiffice, et offri di far sentire
1109 6819 4537 7160 Palestrina, alors agé de 26 ans, se présente et dit que si
4851 6810 8451 7174 una Messa da lui composta,dove lo style Religioso era scrupolosa¬
1105 7056 4428 7374 sa Sainteté veut bien y consentir, il espére lui faire
4814 7038 8406 7374 mente osservato,il Papa accolse la sua propositione, la Messa a
1096 7292 4537 7624 entendre une Messe d'un nouveau style qu'il croit convenir
4860 7288 8370 7642 sei voci fu eseguita, piacque; e di poi fu nominata la Messa del
1105 7519 4533 7883 parfaitement à l'Eglise, le Pape ayant accueilli sa demande, il
4846 7519 8351 7901 Papa Marcello, questa composizione gliparve sibella e si
1091 7797 4564 8124 fait exécuter devant lui une Messe à six voix, depuis nommée la
4842 7788 8420 8133 magnifica, che agevolmente rivocò la prima idea, e invitò Pales¬
1114 8024 4569 8361 Messe du Pape Marcel, et cette composition parut si belle
4805 8047 8356 8347 trina a componere per la Capella Papale Paol IV. successore
1059 8256 4555 8611 et si noble, que ce Pontife renonçant à son projet, le chargea
4846 8261 8297 8615 di Marcello,gli continuò l'Ecercizio delle medesime
1073 8524 4514 8833 lui même de travailler pour sa Chapelle Le Pape Paul IV
4810 8501 8333 8897 fonzioni , nell’ anno 1562 fu fatto maestro di Cappella
1096 8761 4492 9088 qui succeda à Marcel, dont le pontificat ne dura que 22
4828 8752 8338 9115 di Santa Maria Maggiore; e nel 1571, successe a Animucia
1068 9011 4460 9324 jours, continua Palestrina dans les mêmes fonctions : En
4828 8992 8374 9365 in qualità di maestro di Cappella di S: Pietro di Roma.,
1068 9238 4501 9583 1562 il fut nommé maître de Chapelle de S' Marie Majeure
4828 9288 8415 9579 riempi con molto fervore e distinzione tutte queste diffe
1077 9470 4474 9820 et en 1571, il succéda à Animuccia en qualité de Maitre
4792 9515 8333 9865 renti Cariche e la di lui Riputazione fu cosi superiore
1068 9752 4460 10043 de Musique de S: Pierre.Il remplit tous ces emplois
4828 9765 8356 10120 cosi bene stabilita , che nell’anno 1592 quattordici de i piu
1064 9961 4496 10320 d'une manicre on ne peut plus distinguée, et sa réputation
4801 9974 8329 10329 celebri maestri del tempo pubblicarono sotto i di lui auspici
1055 10179 4483 10538 de supériorité s’établit si bien, qu'en 1592,quatorze des
4810 10256 8365 10575 una Raccolta di salmi a cinque voci,tutti composti seconde
1050 10475 4474 10825 plus célebres compositeurs du temps, publierent sous ses
4805 10511 8338 10884 il suo Stile, al fine, dopo avere arriochito la chiesa d'una
4660 10716 5101 11079 W13.
