9411 11886
1176 807 4617 1324 auspices un recueil de psauies à cinq voix, composés dans
4929 963 8396 1337 grandissima quantita delle di lui produzioni , tutte capi
1163 1212 4590 1578 son style. Enfin après qu’il eut enrichi l'Eglise d’une
4902 1234 8489 1560 d’opera; mori, nell’anno 1592 . il 2 del mese di febbraro,
1163 1488 4545 1809 multitude immense de chefs doeuvre, il mourut en 1592,le
4920 1484 8485 1818 nell'età di 59 anni ,le sue ossequie celebrate furono con
1159 1738 4675 2059 2 fevrier, à l’age de 59 ans . Ses funerailles furent célébrées
4929 1751 8503 2086 molta Pompa ; un grand concorso di popolo L’'accom¬
1163 1956 4657 2313 avec pompe ; un concours immense de peuple accompagna son
4920 1952 8422 2344 pagnò alla sepoltura ; come ancorà tutti i musici , da i
1159 2206 4617 2567 convoi; tous les musiciens,qui le regardoient comme leur
4955 2192 8494 2553 quali era riguardato comme il loro maestro, e donno:Uua
1159 2478 4608 2825 maitre, s’y rendirent;on exécuta une Messe funebre de sa
4924 2438 8467 2816 messa funebre a trè cori, da lui composta,fu celebrata ed
1163 2718 4670 3004 Composition, à trois chœurs, et pour récompense de ses longs
4938 2700 8471 3102 eseguita in suo onore, e per riconpensa de suoi Lunghi ed
1176 2923 4608 3289 et brillans services, il eut l’honneur d’être inhumé dans
4946 2928 8445 3253 eminenti servizi , ebbe L’onore d’esser sepolto nella chiesa
1168 3151 4643 3516 l'Eglise même de S. Pierre,aux pieds de l'autel de S. Simon
4920 3182 8418 3512 medęsima di S. Pictro sotto Laltare dei Santi Simone
1168 3409 4639 3801 et S. Jude, et l’on posa sur sa tombe l’Epitaphe suivante
4955 3436 8454 3788 e Giuda dove si legge ancora oggigiorno il seguente
4915 3672 5606 4002 Epitaffio.
1168 3659 2946 4077 qui s’y voit encor aujourdhui.
3783 3917 5833 4363 Joannes Petrus Aloysius
4256 4251 5285 4670 PALESTRINA.
4202 4577 5365 4933 Musicae Princeps
1301 4786 4639 5209 Palestrina doit être regardé comme un des Créateurs de
5111 4831 8440 5232 Devesi riguardare il Palestrina comme l’uno de creatori
4946 5143 8485 5517 de l’arte musica , é il vero è che gli si deve l’inventione dello
1176 5129 4626 5495 l'art musical. Il est l’inventeur de cette branche du style
1181 5361 4603 5753 de Chapelle, que dans les principes de Composition des
4960 5361 8467 5753 stile a Cappella, fugato, ma nobile, senza tormentare le¬
1176 5602 4679 5971 Ecoles d'Italie, nous avons nommé style à Capella fugué.
4991 5659 8471 5998 parole sacre ;questo stile consiste a mettere sopra il Canto
4955 5860 8396 6239 fermo d’altre parti, praticando le imitationi e tutte le
1145 5878 4599 6239 Ce style consiste à prendre un sujet de plain-chant, et à le
4964 6118 8503 6466 specie de Contrappunto fiorito e doppio, ed a incatenarlo
1194 6136 4608 6497 développer par une suite d'imitations bien modulées. On
1181 6386 4661 6707 en voit un grand nombre d'exemples dans l'ouvrage dont nous
4960 6390 8409 6716 con sapienti ma savić modulationi, comme se,ne vede
4942 6613 8485 6956 L'effetto nelle sue ammirabili opere da chiesa , è vera¬
1185 6631 4590 6961 venons de parler. Ce qu’il y a de rémarquable, c'est que
4924 6898 8378 7206 mente da maravigliarsi in pensare che essendo lui il
1185 6894 4626 7246 créateur de ce genre, il l'a en meme temps perfectionné; ensorte
4946 7117 8489 7451 creatore di questo genere, l’abbia in medesimo tempo condotto
1176 7148 4603 7460 qu'il a servi de modele à tous ceux qui sont venus après
4929 7339 8471 7691 a tal perfezione , che à sérvito a tutti di Esempio senza
1168 7348 4639 7718 lui, et dont aucun ne l'a jamais égalé Aussi est il en quelque
4955 7607 8387 7950 aver mai trovato il suo pari, si puol direche questo
1163 7638 4621 7914 sorte son-domaine, et c'est avec raison qu'on l'appelle le style à
4946 7839 8400 8213 gencre e il suo vero dominio ; e con Ragione viensi
1163 7905 4550 8231 la Palestrina. Rien de plus noble et de plus grand que ce
4960 8084 8485 8449 detto da tutti, Stile alla Palestrina cioc , nobile,
1194 8124 4608 8471 style, rien de plus agréable en même temps,lors qu’il est
4942 8324 8422 8708 Grandioso, puro, e sapiente piu di due sècoli sono
1176 8382 4617 8725 exécuté avec goût et intelligence Plus de deux siecles sesont
4955 8627 8382 8966 digià scorsi , e sempre in Roma, e nelle principali
1176 8618 4630 8921 écoulés depuis la mort de ce patriarche de l'harmonie, et
4978 8841 8436 9167 chiese d'Italia si Cantano L'opere sue, che parte
1199 8886 4648 9198 ses belles compositions s’exécutent encore tous les jours
4960 9064 8458 9403 stampate, parte manuscrittè si trovano in Italia reli
1185 9077 4617 9483 à Rome, et dans les principales Eglises d'Italie.Tous ses
4955 9318 8471 9679 giosamente conservate . Vedasi qui L'appendice d'una
1194 9363 4679 9719 ouvrages, soit imprimés, soit manuscrits, subsistent encore
4946 9599 6782 9915 parte di queste produtioni.
1194 9621 4425 10009 en Italie. Voici la note de quelques uns des plus connus.
5156 9822 6364 10151 1? Opere stampate.
1301 9839 2812 10205 1? Ouvrages imprimés ..
5169 10058 7420 10365 1. Missa Papa Marcelli Roma 1555.
1270 9986 3721 10428 I. Messe du Papé Marcel , Rome,1555.
5138 10303 8280 10673 2. 13)XII. Libri missarum. 4. 5 .6.7et 8 vocusse
1288 10316 4496 10664 (2.-13)XII.Livres de Messes a 4.5.6.7 et 8 voix à
4938 10566 6894 10900 Roma et Venetüs à 1554-1601
1203 10579 3409 10971 Rome et Venise, depuis 1554-1601.
4782 10771 5218 11118 13
