8333 11250
5523 1649 5768 2049 E,
4639 1663 4856 2077 de
4154 1691 4330 2098 A
2863 1684 3095 2042 E
2211 1712 2702 2112 R
1628 1712 2021 2147 p
3081 2842 4344 3242 B Y THE
5088 3705 5389 4070 R.
3263 3698 4028 4133 I T
2007 3740 2260 4140 E
919 4793 6491 5333 As the lovers of sacred music may be desirous to know something concerning the author of composi¬
912 5193 6505 5509 tions which have so long held the first place in the service of the pontifical chapel, where purity of harmo¬
912 5347 6533 5726 ny, Ednement of vocal souds, and delicacy of expression, have been carried to their highest perfection; in
891 5579 6505 5888 order to gratify their curiosity, the following biographical particulars of these great matters of elarmony
891 5789 6512 6119 have been abiected, chiesly from Adami and Bontempi, writers of great merit, whose works are but in
912 6077 1572 6344 few hands.
1046 6232 6519 6709 GIOVANNI Pierluigi da Palestrina was scholar to Gaudimel, aürnative of Franche Compté,
954 6561 6533 6863 who was &murdered at Lyons, and his body thrown into the Rhone, on the day of the massere of Paris,
947 6793 6526 7081 1572. The time of Palestrina's birth cannot exactly beitsertained, because the register of it was de¬
926 6947 6540 7305 stroyed by the conflagration which happened at Palestrina, the place where he was born, and whence
933 7179 6547 7488 he derived his name, when it was asked by the Duke of Aïva, in 1557; but, as it appears by a book
954 7368 6554 7670 written by Torrigio, called Le Grotte Vaticane, that he died on the 2d of February, 1594, and that he
940 7565 6267 7944 was then in the sixty-sith year of his age, it follows, that he was born some time in the year 1529.
1067 7888 6575 8288 He was born poor in fortune, yet the richness of his genus soon rendered him not only the wonder of
954 8175 6561 8519 Rome, but of all Europe ; of this the numerous editions of his many admirable works are fuf¬
947 8365 6575 8709 ficent testimonies: for they were written with such great knowledge and correctness, that all future
975 8603 4421 8940 professors regarded them as the standing models of perfection.
1102 8947 6596 9291 THERE were many excellent Contrapuntists before the time of this great composer; among whom
968 9165 6582 9523 was Jusquin del Prato, sometimes called Jacopo Pratense, who was inventor of the most spirited fugues
940 9389 6575 9747 and diversions which music could boast in his days. But though these eminent matters were exact ob¬
