8333 11250
1801 304 7437 636 fervers of the rules of composition, their injudicious manner of adapting meladies to words, determined
1787 487 7444 833 Pope Marcellus the Second to banish music from divine service. This Pope had a very referred tafté
1773 713 7409 1052 in all the arts; and though he governed the church but twenty-two days, he began, during that time,
1752 911 7409 1257 seriously to apply himself to the reformation of abuses, particularly such as had crept into church music.
1921 1271 7416 1638 Bur, while the fate of choral harmony was in suspence, Giovanni Pierluigi da Palefirina, being then
1773 1490 7409 1815 but twenty-six years of age, intreated his Holiness, before music was for ever ernfed from the sacred
1773 1702 7423 2020 ritual, to suffer a mass, which he had proposed in a truly grave church stile, to be performed in his
1780 1949 7402 2239 presence; which request being granted, upon Easter Sunday 1555, was fung. in six parts, the famous
1766 2140 7394 2422 mafs called Papae Marcelli, which was so highly approved, as to restore music to its former favour,
1759 2295 7394 2592 and procure its re-establishment in the service of the church. This mass was afterwards published, and
1766 2521 7394 2867 dedicated to the flccessor of Marcellus, Paul IV. by whom Palestrina was appointed composer to the
1759 2663 2535 2987 papal chapel.
1907 3016 7380 3432 The success of this great composer, in preventing church music from being utterly abolished, was of
1737 3284 7359 3581 such importance to the profession, that his name is held in the highest veneration by musicians in gene¬
1737 3531 7380 3793 ral, and in a particular manner by the members of the Roman College ; who have all formed themselves
1752 3687 7394 3969 upon those admirable models of composition with which he furnished the pontifical chapel, and of which
1744 3891 7359 4181 a greater number still communes to be fung than of any other composer. An original picture of this fa¬
1737 4082 7387 4471 ther of harmony, as the restorer and benefactor of music, is caresully Oreserved in the archives of the
1716 4280 2571 4584 Pope’s Chapel.
1836 4647 7380 5021 In 1562, at the age of thirty-three, Palestrina was elected Maestro di Capella of Srie Maria Maggiore ;
1709 4887 7345 5212 and, in 1571, heucceeded Giovanni Animuctia, in the same office, at St. Peter's church. This great
1695 5092 7366 5389 harmonist died on the 2d of February, 1594, in the pontificate of Clement VIII. full of years and of
1688 5283 7359 5608 honour, to the inexpressible grief, not only of the professors, but of all the lovers of music in his time.
1702 5495 7366 5749 There was a public function performed at hiseneral by three choirs; and he was attended to St. Peter's
1702 5685 7359 5982 church, where he was buried before the altar of 6t. Simon and St. Juds, not only by all the fingers of
1695 5911 7366 6187 the Pope’s chapel, but by all the musicians of Rome, as well as by an infinite crowd of people. His
1695 6109 7324 6328 being buried in St. Peter’s church was a peculiar honour granted to him, in consequence of his extraor¬
1681 6307 7331 6618 dinary merit. Libera me, Domine, composed by himself, was fung through the streets during the pro¬
1688 6512 7119 6865 cession. On the spot where he was interred, is engaged, upon a plate, the following inscription :
3002 6893 6046 7168 JOHANNES PETRUS ALOYSIUS PRAENESTINUS,
3814 7084 5219 7359 MUSICAE PRINCEPS.
1808 7437 7303 7776 Tit reverend Gregorio Allegri, born at Rome, was admitted into the Pope's chapel, Dec. 6th,, 1629,
1674 7606 7324 7938 as a counter-tenor. He studied under the famous Nauini, in company with Antenio Cifra and Pier
1667 7917 7317 8185 Francesco Valentini. Vanini was cotemporary with Palestrina, and his most 11timate friend. They had
1674 8115 7324 8355 been fellow-students under Gaudimel, who had intituted a music school at Rome, which had produced
1667 8327 7331 8553 a great number ofOminent professors. Allegri was accounted an admirable master of elarmony. Many of
1660 8475 7324 8743 his works are still Oreserved and performed in the Popeòs chapel; particularly the following celebrated
1653 8673 7310 9040 Miferere. His Cbilities as a singer were but small; yet so much was he esteemed by all the musica
