8333 11250
4063 196 4267 449 A
2975 98 3179 456 R
912 386 6561 765 professors of his time, that theckope, in order to keppropriate him to his service, appointed him to be
919 723 6491 919 one of the fingers of his chapel. He joined to his extraordinary merit an excellent moral character
919 877 6526 1116 for he not onlyibted the poor, by whom his door was usually crowded, to the utmost of his power,
919 1039 6512 1291 but daily vifited the prisons of Rome, in order to bestow his alms on the most deferving and distrefssful
919 1249 6533 1495 objects he could find in them. "Of this," says the author from whom these particulars are extracted,
947 1481 6519 1712 "I was assured by one of thenenlars of Allegri, a man of the greatest veracity, who is now (in 1711)
919 1705 6526 1909 “ alive.” He set many parts of the church service with such divine fimplicity, and purity of harmony, that
933 1846 6526 2098 his loss was much felt, and sincerely la-mented by the whole College of singers in the papal service. He died
919 2091 6540 2309 February 18th, and was buried in the Chiefa Nuova, before the chapel of S. Filippo Neri, near the altar
954 2274 6526 2554 of the Annunciation, where there is a Sault for the reception of deceased singers belonging to the Pope’s
912 2477 3544 2800 chapel, upon which is the following inscription:
2947 2730 4533 3116 CANTORES PONTIFICII,
3172 3039 4274 3305 NE QUOS VIVOS,
3067 3242 4414 3537 CONCORS MELODIA
3446 3432 4042 3691 JUNXIT
3018 3642 4484 3874 MORTUOSta PORORIS,
3046 3832 4456 4105 DISCors RESOLUTIO
3263 4035 4246 4281 DISSOLVERET
3200 4189 4323 4533 HIC UNA CONDI
3361 4428 4105 4709 VOLUERE.
3305 4618 4154 4933 ANNO 1640.
1039 4884 6554 5277 TOMMASO Bai, author of the Miserere which is fung in the Popé’s chapel on Thursday in passion week,
954 5277 6568 5516 was born at Crevalcore, near Bologna, about the middle of the last century, and died at Rome 1718. He
961 5425 6582 5684 was Maestro di Capella of St. Peter's Church, and composed the Miserere in 1713. He is much commended
940 5649 6554 5874 for his attention to profody, or the accentuation of words, in which his natation is generally so exact,
961 5860 6568 6063 that the proportion of long and short syllables is asussictly preferved, in finging this psalm, as it could be
961 6028 6568 6260 in reading it. This composition took place of one by Alexandro Scarlatti, which used to be fung on
961 6239 6568 6463 the same day, and isissmarkable for being the only new musica! production that has had the honour of
961 6407 5382 6765 being admitted into the service of the Pope'sekapel, during the present century
1081 6835 6568 7067 SOMETHING has already been faid of the manner oftsorming the famous Miserere of Allegri, in
961 7003 6582 7326 The present State of Music in France and ltaly, as well as of the singers in the papal chapel: and it will be
968 7291 6582 7509 easy to judge of their atlities to do justice to every composition in that service, from the account
968 7425 6519 7684 given by Angellini Bontempi of their education and method of study.” The disciples of the Roman school,
954 7635 6540 7874 fays this author," were obliged to excercise themselves in difficult intonations an hour every day, in order
975 7810 6554 8063 " to acquire a facility of execution; another was spent in the practice of shakes; another in swift passages;
961 8028 6547 8260 " another in the study of literature, and another in tafte and expression, in the presence of the master,
968 8225 6554 8449 " who obliged them to sing before a mirror, in order to avoid every kind of grimace, or improper motion
961 8421 6547 8667 " of the museles, either by furrowing the forehead, knitting the brows, or distorting the month : and
961 8639 6575 8877 " all these were but the employments of the morning. In the afternoon, half an hour was spent in the
968 8793 6575 9158 " theory of found; another in counterpoint, upon a plain song; an hour in receiving rules of composition
