8333 11258
5398 183 5623 521 e
1612 394 7242 746 " from the master, and putting them in practice upon paper; another in the study of literature; and the
1590 725 7235 1042 " rest of the day in practising the harpsichord, in composing a psalm, an authem, a song, or in some
1590 957 7249 1189 " other kind of writing, fuitable to the genus of the scholar: and these were the common exercises on
1598 1154 7220 1450 “ those days, when the Hudents were not allowed to quit the College : but when they were permitted to
1583 1351 7213 1534 “ go out, they frequently went to sing at the echo, without the Porta Angelica, near Mount Marius, where,
1576 1506 7213 1745 " by listening to the answers, they could judge of their own defects; at other times they were either em-
1590 1682 7220 1985 " ployed in finging at the musicat performances in the charches of Rome, or, at least, were allowed to
1605 1907 7235 2175 " go thither to hear the many great professors who flourished in the pontificate of Urban VIII." At
1612 2132 7220 2365 " their return to College, they employed the rest of their time in practising after these models, and in
1605 2315 7213 2555 " giving reasons to the master for what they did, who, in his turn, used to read lectures upon the most
1598 2541 4427 2871 " prfined and useful mysteries of the musical art †.
1752 2787 7235 3181 Exom this testimony, and from that of many other writers on the subject, it appears that harmony
1612 3132 7249 3441 approached the nearest to perfection in the Popé's Chapel: for there, as no desects were covered by
1598 3357 7228 3610 artflcial tones, so no reginements were hidden or eorrupted; and those minute occasional temperaments,
1605 3519 7213 3758 for which the language of found has no character, and which the flexurslity of voices alone can ex¬
1612 3744 7220 4025 press, were notikturbed by instrument, whose tones are unalterably fixed. Gravity of stile in the com¬
1612 3941 7242 4222 poser, and decorum and simplicity in the performer, were there equally adhered to and rewarded, as no
1619 4103 7242 4342 opportunities were ever given for lvanity and jolly to aim at applause by an improper Edsplay of talents,
1633 4293 7235 4539 which, however capt ivating in a theatre, are but ill suited to the subline subjects of sacred fong In the
1605 4462 7270 4814 performance of music in parts, among which the *ely is equallyleibuted, the soleoltion of
1626 4673 7256 4997 individuals should be the success of the whole : the powerful should conform to the feeble, the swift to
1619 4905 7242 5208 the fluggish: and however multiform the parts, the congress, should differ from a seeming identity
1619 5081 7263 5363 little more than the harmonies differ from a single found, or the prismatic colours from a single ray of
1612 5264 7263 5602 light, out of which they arife, and which, together, constitute unity. Aristocle desired friendship to be
1619 5496 7002 5834 one soul in two bodies; and a chorus should seem to be many founds proceeding from one organ.
2899 5869 5229 6123 1* Urban VIII. reigned from the year 1624 to 1644.
2822 6073 4786 6383 + Historia Musica, Perugia 1695, p. 170.
