<?xml version="1.0" encoding="UTF-8" standalone="yes"?>
<PcGts xmlns="http://schema.primaresearch.org/PAGE/gts/pagecontent/2013-07-15" xmlns:xsi="http://www.w3.org/2001/XMLSchema-instance" xsi:schemaLocation="http://schema.primaresearch.org/PAGE/gts/pagecontent/2013-07-15 http://schema.primaresearch.org/PAGE/gts/pagecontent/2013-07-15/pagecontent.xsd">
    <Metadata>
        <Creator>prov=READ-COOP:name=TrHtr:version=2.23.1:model_id=51170:date=22_02_2025_11:26</Creator>
        <Created>2025-02-21T16:38:58.607+01:00</Created>
        <LastChange>2025-02-22T11:26:52.571+01:00</LastChange>
        <TranskribusMetadata docId="7039034" pageId="91997182" pageNr="5" tsid="230764733" status="IN_PROGRESS" userId="131016" imgUrl="https://files.transkribus.eu/Get?id=HAVRVUXSSXDYTKEKKRXWWAWO&amp;fileType=view" xmlUrl="https://files.transkribus.eu/Get?id=DJSDJBSKPYSKUDFEIPDFJEXO" imageId="76789611"/>
    </Metadata>
    <Page imageFilename="0005_kcg-demon-missin8-OP.OM.deMonte22-fs-00010.jpg" imageWidth="2562" imageHeight="3788">
        <ReadingOrder>
            <OrderedGroup id="ro_1757316172191" caption="Regions reading order">
                <RegionRefIndexed index="0" regionRef="tr_1"/>
                <RegionRefIndexed index="1" regionRef="tr_2"/>
            </OrderedGroup>
        </ReadingOrder>
        <TextRegion id="tr_1" custom="readingOrder {index:0;}">
            <Coords points="262,311 2202,311 2202,2054 262,2054"/>
            <TextLine id="tr_1_tl_1" custom="readingOrder {index:0;}">
                <Coords points="963,374 1191,405 1388,378 1482,395 1519,374 1519,308 1441,296 1393,315 1259,291 1201,308 963,301"/>
                <Baseline points="976,361 1020,364 1065,364 1110,367 1155,367 1199,370 1244,367 1289,370 1334,370 1379,367 1423,367 1468,367 1513,370 1525,370"/>
                <TextEquiv>
                    <Unicode>VOORWOORD</Unicode>
                </TextEquiv>
            </TextLine>
            <TextLine id="tr_1_tl_2" custom="readingOrder {index:1;}">
                <Coords points="500,689 2196,682 2196,626 1963,641 1827,594 1422,582 1293,641 500,616"/>
                <Baseline points="513,665 558,665 602,665 647,665 692,665 737,665 782,665 826,665 871,668 916,665 961,665 1005,668 1050,668 1095,665 1140,668 1185,668 1229,668 1274,671 1319,671 1364,671 1408,671 1453,668 1498,671 1543,671 1588,671 1632,668 1677,665 1722,665 1767,671 1811,671 1856,671 1901,671 1946,671 1991,671 2035,671 2080,671 2125,671 2170,671 2199,671"/>
                <TextEquiv>
                    <Unicode>E achtstemmige mis sine nomine hierbij gepubliceerd, werd</Unicode>
                </TextEquiv>
            </TextLine>
            <TextLine id="tr_1_tl_3" custom="readingOrder {index:2;}">
                <Coords points="524,755 2196,774 2157,696 1963,684 524,706"/>
                <Baseline points="537,740 582,743 626,743 671,743 716,743 761,743 805,743 850,746 895,746 940,743 985,743 1029,743 1074,743 1119,743 1164,746 1208,746 1253,746 1298,746 1343,746 1388,746 1432,749 1477,746 1522,746 1567,746 1611,749 1656,746 1701,746 1746,746 1791,746 1835,746 1880,746 1925,746 1970,746 2014,746 2059,746 2104,746 2149,746 2193,746 2202,746"/>
                <TextEquiv>
                    <Unicode>ontleend aan Codex 16.194 (koorboek) van de Nationale</Unicode>
                </TextEquiv>
            </TextLine>
            <TextLine id="tr_1_tl_4" custom="readingOrder {index:3;}">
                <Coords points="534,844 2193,832 2193,774 2072,767 534,764"/>
                <Baseline points="546,817 591,814 635,814 680,814 725,817 770,820 814,820 859,820 904,820 949,817 994,817 1038,820 1083,820 1128,820 1173,820 1217,817 1262,823 1307,823 1352,823 1396,823 1441,823 1486,823 1531,823 1576,823 1620,823 1665,820 1710,823 1755,823 1799,823 1844,823 1889,820 1934,820 1979,823 2023,823 2068,820 2113,823 2158,823 2196,817"/>
                <TextEquiv>
                    <Unicode>Bibliotheek te Weenen1, waar ze folio's 74 keerzijde tot 108</Unicode>
                </TextEquiv>
            </TextLine>
            <TextLine id="tr_1_tl_5" custom="readingOrder {index:4;}">
                <Coords points="257,903 2191,907 2191,854 2028,837 257,852"/>
                <Baseline points="271,883 316,889 361,892 405,892 450,892 495,892 540,892 585,889 629,892 674,895 719,892 764,892 808,892 853,895 898,895 943,895 988,898 1032,895 1077,898 1122,895 1167,898 1211,898 1256,898 1301,895 1346,898 1391,898 1435,898 1480,898 1525,898 1570,898 1614,901 1659,898 1704,898 1749,898 1794,898 1838,898 1883,898 1928,898 1973,898 2017,898 2062,898 2107,898 2152,898 2196,901"/>
                <TextEquiv>
                    <Unicode>voorzijde beslaat. Of ze tot het genre van de missa parodia behoort kan</Unicode>
                </TextEquiv>
            </TextLine>
            <TextLine id="tr_1_tl_6" custom="readingOrder {index:5;}">
                <Coords points="247,975 2181,983 2004,912 247,929"/>
                <Baseline points="262,967 307,970 352,967 397,970 441,967 486,970 531,970 576,970 620,970 665,973 710,970 755,973 799,973 844,973 889,973 934,973 979,976 1023,973 1068,973 1113,973 1158,973 1202,976 1247,976 1292,973 1337,973 1382,973 1426,973 1471,976 1516,976 1561,976 1605,976 1650,976 1695,976 1740,976 1785,976 1829,973 1874,973 1919,973 1964,973 2008,976 2053,973 2098,976 2143,976 2188,973"/>
                <TextEquiv>
                    <Unicode>niet worden uitgemaakt. We zouden liefst ontkennend antwoorden, aan-</Unicode>
                </TextEquiv>
            </TextLine>
            <TextLine id="tr_1_tl_7" custom="readingOrder {index:6;}">
                <Coords points="255,1070 2193,1085 2193,1002 2089,990 255,1017"/>
                <Baseline points="268,1038 313,1041 358,1044 402,1047 447,1044 492,1044 537,1041 582,1041 626,1044 671,1047 716,1047 761,1047 805,1044 850,1044 895,1047 940,1047 985,1047 1029,1047 1074,1047 1119,1047 1164,1050 1208,1050 1253,1050 1298,1050 1343,1047 1388,1047 1432,1050 1477,1047 1522,1050 1567,1047 1611,1047 1656,1050 1701,1050 1746,1050 1791,1050 1835,1047 1880,1050 1925,1050 1970,1053 2014,1050 2059,1047 2104,1050 2149,1050 2193,1053 2196,1053"/>
                <TextEquiv>
                    <Unicode>gezien de verschillende motieven met een verregaande vrijheid zijn</Unicode>
                </TextEquiv>
            </TextLine>
            <TextLine id="tr_1_tl_8" custom="readingOrder {index:7;}">
                <Coords points="257,1135 2186,1150 2138,1075 257,1072"/>
                <Baseline points="271,1119 316,1119 361,1122 405,1122 450,1125 495,1125 540,1122 585,1122 629,1122 674,1122 719,1119 764,1119 808,1119 853,1122 898,1125 943,1125 988,1122 1032,1125 1077,1125 1122,1125 1167,1128 1211,1128 1256,1128 1301,1128 1346,1125 1391,1128 1435,1125 1480,1125 1525,1128 1570,1125 1614,1125 1659,1128 1704,1128 1749,1128 1794,1128 1838,1125 1883,1128 1928,1125 1973,1125 2017,1128 2062,1128 2107,1128 2152,1125 2191,1128"/>
                <TextEquiv>
                    <Unicode>behandeld. Er is evenwel voorzichtigheid geboden in zulke quaestie :</Unicode>
                </TextEquiv>
            </TextLine>
            <TextLine id="tr_1_tl_9" custom="readingOrder {index:8;}">
                <Coords points="252,1208 2186,1225 2169,1148 252,1145"/>
                <Baseline points="265,1199 268,1199 313,1196 358,1199 402,1199 447,1199 492,1196 537,1199 582,1199 626,1199 671,1199 716,1199 761,1199 805,1199 850,1202 895,1202 940,1202 985,1202 1029,1199 1074,1199 1119,1202 1164,1202 1208,1202 1253,1199 1298,1202 1343,1202 1388,1199 1432,1202 1477,1202 1522,1202 1567,1202 1611,1202 1656,1202 1701,1202 1746,1199 1791,1202 1835,1202 1880,1199 1925,1202 1970,1199 2014,1199 2059,1202 2104,1199 2149,1202 2193,1196"/>
                <TextEquiv>
                    <Unicode>het is best mogelijk dat aan een bestaand werk, louter occasioneel, enkele</Unicode>
                </TextEquiv>
            </TextLine>
            <TextLine id="tr_1_tl_10" custom="readingOrder {index:9;}">
                <Coords points="260,1291 2191,1305 2191,1225 2106,1218 260,1220"/>
                <Baseline points="274,1274 319,1271 364,1271 408,1274 453,1277 498,1277 543,1274 588,1274 632,1274 677,1277 722,1274 767,1277 811,1274 856,1277 901,1277 946,1277 991,1277 1035,1277 1080,1277 1125,1277 1170,1277 1214,1277 1259,1280 1304,1280 1349,1280 1394,1274 1438,1280 1483,1280 1528,1280 1573,1277 1617,1277 1662,1277 1707,1277 1752,1277 1796,1277 1841,1277 1886,1277 1931,1277 1976,1277 2020,1277 2065,1277 2110,1277 2155,1277 2196,1277"/>
                <TextEquiv>
                    <Unicode>losse motieven worden ontleend, in welk geval de bronaanduiding in den</Unicode>
                </TextEquiv>
            </TextLine>
            <TextLine id="tr_1_tl_11" custom="readingOrder {index:10;}">
                <Coords points="252,1356 2186,1373 2171,1296 252,1313"/>
                <Baseline points="265,1343 310,1349 355,1349 399,1349 444,1352 489,1352 534,1355 579,1352 623,1352 668,1352 713,1352 758,1352 802,1352 847,1355 892,1355 937,1352 982,1352 1026,1352 1071,1352 1116,1352 1161,1355 1205,1355 1250,1355 1295,1355 1340,1355 1385,1355 1429,1355 1474,1355 1519,1358 1564,1355 1608,1355 1653,1358 1698,1355 1743,1355 1788,1355 1832,1355 1877,1355 1922,1355 1967,1358 2011,1355 2056,1352 2101,1352 2146,1355 2191,1355"/>
                <TextEquiv>
                    <Unicode>titel van de mis niet zoo betrouwbaar is als waar het een parodie geldt</Unicode>
                </TextEquiv>
            </TextLine>
            <TextLine id="tr_1_tl_12" custom="readingOrder {index:11;}">
                <Coords points="252,1453 871,1456 869,1393 810,1373 759,1405 711,1371 415,1400 366,1376 335,1407 281,1371 250,1378"/>
                <Baseline points="265,1429 310,1426 355,1429 399,1426 444,1429 489,1426 534,1426 579,1429 623,1429 668,1426 713,1429 758,1429 802,1429 847,1432 877,1432"/>
                <TextEquiv>
                    <Unicode>in den eigenlijken zin.</Unicode>
                </TextEquiv>
            </TextLine>
            <TextLine id="tr_1_tl_13" custom="readingOrder {index:12;}">
                <Coords points="369,1533 2186,1524 2152,1453 1752,1482 1633,1431 369,1458"/>
                <Baseline points="382,1507 402,1504 447,1504 492,1504 537,1504 582,1507 626,1507 671,1504 716,1504 761,1504 805,1507 850,1507 895,1507 940,1507 985,1507 1029,1507 1074,1507 1119,1507 1164,1504 1208,1504 1253,1504 1298,1504 1343,1507 1388,1507 1432,1507 1477,1507 1522,1507 1567,1507 1611,1507 1656,1507 1701,1507 1746,1507 1791,1507 1835,1507 1880,1507 1925,1507 1970,1507 2014,1507 2059,1507 2104,1507 2149,1507 2193,1504"/>
                <TextEquiv>
                    <Unicode>Hoe dan ook, deze mis lijkt wel een der rijkste aan materiaal, onder</Unicode>
                </TextEquiv>
            </TextLine>
            <TextLine id="tr_1_tl_14" custom="readingOrder {index:13;}">
                <Coords points="247,1596 2186,1599 2186,1524 247,1546"/>
                <Baseline points="262,1582 307,1582 352,1582 397,1582 441,1582 486,1582 531,1582 576,1582 620,1582 665,1579 710,1576 755,1576 799,1579 844,1582 889,1582 934,1582 979,1582 1023,1585 1068,1585 1113,1585 1158,1585 1202,1585 1247,1585 1292,1582 1337,1582 1382,1582 1426,1582 1471,1582 1516,1585 1561,1585 1605,1585 1650,1585 1695,1582 1740,1582 1785,1582 1829,1582 1874,1582 1919,1579 1964,1582 2008,1582 2053,1582 2098,1582 2143,1582 2188,1579 2193,1582"/>
                <TextEquiv>
                    <Unicode>al de tot dusver gepubliceerde missen van de Monte. In acht werkelijke</Unicode>
                </TextEquiv>
            </TextLine>
            <TextLine id="tr_1_tl_15" custom="readingOrder {index:14;}">
                <Coords points="255,1669 2186,1686 2186,1611 2004,1596 255,1626"/>
                <Baseline points="268,1653 313,1653 358,1659 402,1659 447,1659 492,1656 537,1653 582,1656 626,1659 671,1659 716,1659 761,1659 805,1659 850,1659 895,1659 940,1659 985,1659 1029,1659 1074,1659 1119,1659 1164,1662 1208,1659 1253,1659 1298,1659 1343,1656 1388,1659 1432,1662 1477,1659 1522,1662 1567,1662 1611,1659 1656,1659 1701,1659 1746,1659 1791,1656 1835,1656 1880,1656 1925,1659 1970,1656 2014,1656 2059,1656 2104,1656 2149,1659 2191,1662"/>
                <TextEquiv>
                    <Unicode>stemmen gecomponeerd, heeft ze uiteraard niet dat goedkoop effect noodig</Unicode>
                </TextEquiv>
            </TextLine>
            <TextLine id="tr_1_tl_16" custom="readingOrder {index:15;}">
                <Coords points="252,1759 2179,1764 2179,1679 252,1694"/>
                <Baseline points="265,1731 310,1734 355,1734 399,1734 444,1734 489,1734 534,1734 579,1734 623,1734 668,1734 713,1734 758,1734 802,1734 847,1734 892,1737 937,1734 982,1734 1026,1734 1071,1734 1116,1737 1161,1734 1205,1734 1250,1737 1295,1737 1340,1737 1385,1737 1429,1734 1474,1734 1519,1734 1564,1737 1608,1737 1653,1737 1698,1737 1743,1737 1788,1737 1832,1737 1877,1734 1922,1731 1967,1734 2011,1731 2056,1731 2101,1731 2146,1734 2185,1734"/>
                <TextEquiv>
                    <Unicode>van den Venetiaanschen stijl met dubbelkoor ; ze kan zich geheel ont-</Unicode>
                </TextEquiv>
            </TextLine>
            <TextLine id="tr_1_tl_17" custom="readingOrder {index:16;}">
                <Coords points="252,1839 2186,1839 2186,1766 252,1774"/>
                <Baseline points="265,1811 268,1811 313,1811 358,1811 402,1811 447,1811 492,1811 537,1811 582,1808 626,1808 671,1811 716,1808 761,1808 805,1808 850,1811 895,1811 940,1811 985,1808 1029,1811 1074,1811 1119,1811 1164,1811 1208,1808 1253,1811 1298,1811 1343,1811 1388,1811 1432,1811 1477,1811 1522,1811 1567,1811 1611,1811 1656,1811 1701,1811 1746,1811 1791,1811 1835,1811 1880,1808 1925,1808 1970,1808 2014,1805 2059,1808 2104,1808 2149,1811 2193,1808"/>
                <TextEquiv>
                    <Unicode>plooien in de verfijndheid van een gecompliceerden, maar zoo ongemeen</Unicode>
                </TextEquiv>
            </TextLine>
            <TextLine id="tr_1_tl_18" custom="readingOrder {index:17;}">
                <Coords points="252,1890 2191,1902 2191,1834 2116,1827 252,1844"/>
                <Baseline points="265,1880 310,1886 355,1889 399,1886 444,1889 489,1889 534,1889 579,1886 623,1889 668,1889 713,1889 758,1889 802,1889 847,1889 892,1889 937,1886 982,1889 1026,1889 1071,1886 1116,1886 1161,1886 1205,1883 1250,1886 1295,1886 1340,1889 1385,1886 1429,1886 1474,1886 1519,1886 1564,1889 1608,1886 1653,1886 1698,1886 1743,1886 1788,1883 1832,1886 1877,1886 1922,1886 1967,1886 2011,1883 2056,1883 2101,1883 2146,1886 2191,1886 2196,1886"/>
                <TextEquiv>
                    <Unicode>vruchtbaren schrijftrant, althans voor wie de gave van synthetische visie</Unicode>
                </TextEquiv>
            </TextLine>
            <TextLine id="tr_1_tl_19" custom="readingOrder {index:18;}">
                <Coords points="247,1990 2186,1987 2188,1924 250,1909"/>
                <Baseline points="262,1961 307,1964 352,1964 397,1964 441,1967 486,1967 531,1967 576,1964 620,1964 665,1964 710,1964 755,1964 799,1964 844,1967 889,1967 934,1967 979,1967 1023,1964 1068,1964 1113,1964 1158,1967 1202,1964 1247,1964 1292,1961 1337,1958 1382,1964 1426,1964 1471,1967 1516,1967 1561,1961 1605,1961 1650,1961 1695,1961 1740,1961 1785,1964 1829,1964 1874,1964 1919,1964 1964,1964 2008,1961 2053,1961 2098,1961 2143,1961 2188,1964 2193,1964"/>
                <TextEquiv>
                    <Unicode>bezit, zooals de Mechelsche meester. Op gelukkige wijze maakt de Monte</Unicode>
                </TextEquiv>
            </TextLine>
            <TextLine id="tr_1_tl_20" custom="readingOrder {index:19;}">
                <Coords points="247,2070 2181,2062 2181,2004 247,2014"/>
                <Baseline points="262,2035 307,2038 352,2041 397,2044 441,2041 486,2041 531,2041 576,2041 620,2041 665,2041 710,2038 755,2035 799,2038 844,2038 889,2038 934,2041 979,2041 1023,2041 1068,2041 1113,2041 1158,2038 1202,2038 1247,2038 1292,2041 1337,2041 1382,2041 1426,2038 1471,2041 1516,2041 1561,2038 1605,2038 1650,2038 1695,2041 1740,2038 1785,2038 1829,2038 1874,2038 1919,2038 1964,2035 2008,2038 2053,2038 2098,2038 2143,2038 2188,2038"/>
                <TextEquiv>
                    <Unicode>gebruik van het type der missa brevis, met veeleer schaarsche herhaling</Unicode>
                </TextEquiv>
            </TextLine>
        </TextRegion>
        <TextRegion id="tr_2" custom="readingOrder {index:1;}">
            <Coords points="256,2060 2202,2060 2202,3320 256,3320"/>
            <TextLine id="tr_2_tl_1" custom="readingOrder {index:0;}">
                <Coords points="252,2123 2181,2142 2128,2057 252,2082"/>
                <Baseline points="265,2113 307,2116 352,2119 397,2119 441,2119 486,2119 531,2119 576,2119 620,2116 665,2119 710,2119 755,2119 799,2119 844,2116 889,2116 934,2116 979,2116 1023,2116 1068,2116 1113,2116 1158,2116 1202,2116 1247,2116 1292,2119 1337,2116 1382,2116 1426,2116 1471,2116 1516,2116 1561,2116 1605,2113 1650,2116 1695,2113 1740,2113 1785,2113 1829,2113 1874,2116 1919,2116 1964,2116 2008,2113 2053,2113 2098,2113 2143,2110 2188,2110"/>
                <TextEquiv>
                    <Unicode>van zindeelen, althans in Gloria en Credo, wat de verveling en de eentonig-</Unicode>
                </TextEquiv>
            </TextLine>
            <TextLine id="tr_2_tl_2" custom="readingOrder {index:1;}">
                <Coords points="247,2208 2186,2225 2186,2155 1965,2130 247,2142"/>
                <Baseline points="262,2196 268,2196 313,2193 358,2193 402,2193 447,2193 492,2193 537,2196 582,2193 626,2193 671,2193 716,2193 761,2193 805,2193 850,2193 895,2193 940,2193 985,2193 1029,2193 1074,2191 1119,2193 1164,2193 1208,2191 1253,2193 1298,2191 1343,2191 1388,2191 1432,2193 1477,2193 1522,2191 1567,2191 1611,2193 1656,2191 1701,2193 1746,2193 1791,2188 1835,2191 1880,2191 1925,2191 1970,2188 2014,2188 2059,2188 2104,2188 2149,2191 2193,2191"/>
                <TextEquiv>
                    <Unicode>heid voorkomt, die licht het gevolg zijn van een te lang uitrafelen van</Unicode>
                </TextEquiv>
            </TextLine>
            <TextLine id="tr_2_tl_3" custom="readingOrder {index:2;}">
                <Coords points="252,2283 2186,2281 2186,2227 252,2237"/>
                <Baseline points="265,2274 268,2271 313,2268 358,2271 402,2268 447,2271 492,2271 537,2274 582,2271 626,2271 671,2271 716,2271 761,2271 805,2268 850,2265 895,2268 940,2271 985,2271 1029,2268 1074,2268 1119,2268 1164,2271 1208,2271 1253,2268 1298,2268 1343,2268 1388,2271 1432,2268 1477,2268 1522,2265 1567,2268 1611,2265 1656,2268 1701,2268 1746,2268 1791,2265 1835,2268 1880,2265 1925,2268 1970,2265 2014,2265 2059,2265 2104,2265 2149,2268 2193,2262"/>
                <TextEquiv>
                    <Unicode>een brok meerstemmige muziek. En bovendien geeft de kunstige stemmen-</Unicode>
                </TextEquiv>
            </TextLine>
            <TextLine id="tr_2_tl_4" custom="readingOrder {index:3;}">
                <Coords points="252,2351 2191,2368 2191,2288 252,2307"/>
                <Baseline points="265,2346 310,2346 355,2346 399,2346 444,2349 489,2349 534,2349 579,2349 623,2349 668,2346 713,2346 758,2346 802,2349 847,2349 892,2346 937,2349 982,2346 1026,2346 1071,2349 1116,2349 1161,2346 1205,2346 1250,2346 1295,2346 1340,2346 1385,2346 1429,2346 1474,2346 1519,2346 1564,2343 1608,2346 1653,2343 1698,2343 1743,2343 1788,2346 1832,2343 1877,2340 1922,2340 1967,2343 2011,2340 2056,2346 2101,2343 2146,2343 2191,2343 2196,2346"/>
                <TextEquiv>
                    <Unicode>verdeeling, die hij met fijne hand weet aan te brengen, een gelegenheid</Unicode>
                </TextEquiv>
            </TextLine>
            <TextLine id="tr_2_tl_5" custom="readingOrder {index:4;}">
                <Coords points="252,2436 2186,2438 2186,2366 252,2387"/>
                <Baseline points="265,2426 268,2423 313,2426 358,2426 402,2423 447,2423 492,2426 537,2420 582,2423 626,2423 671,2423 716,2423 761,2423 805,2423 850,2423 895,2423 940,2420 985,2420 1029,2420 1074,2423 1119,2423 1164,2423 1208,2423 1253,2423 1298,2420 1343,2420 1388,2423 1432,2420 1477,2420 1522,2420 1567,2420 1611,2420 1656,2420 1701,2420 1746,2420 1791,2420 1835,2420 1880,2420 1925,2420 1970,2417 2014,2417 2059,2417 2104,2417 2149,2417 2193,2417"/>
                <TextEquiv>
                    <Unicode>om op zeer harmonische wijze het uiterst wijdvertakte contrapuntisch</Unicode>
                </TextEquiv>
            </TextLine>
            <TextLine id="tr_2_tl_6" custom="readingOrder {index:5;}">
                <Coords points="247,2523 2186,2521 2186,2460 247,2463"/>
                <Baseline points="262,2498 265,2498 310,2498 355,2501 399,2501 444,2498 489,2498 534,2501 579,2501 623,2501 668,2501 713,2498 758,2498 802,2501 847,2498 892,2498 937,2501 982,2501 1026,2501 1071,2501 1116,2501 1161,2501 1205,2498 1250,2498 1295,2498 1340,2498 1385,2501 1429,2501 1474,2501 1519,2498 1564,2498 1608,2498 1653,2498 1698,2498 1743,2495 1788,2492 1832,2495 1877,2495 1922,2495 1967,2495 2011,2495 2056,2495 2101,2492 2146,2495 2191,2495"/>
                <TextEquiv>
                    <Unicode>weefsel van het actuor te verluchten en naar verhoudingen af te wegen.</Unicode>
                </TextEquiv>
            </TextLine>
            <TextLine id="tr_2_tl_7" custom="readingOrder {index:6;}">
                <Coords points="247,2603 2198,2599 2198,2533 247,2538"/>
                <Baseline points="262,2579 277,2582 322,2582 367,2579 411,2579 456,2579 501,2582 546,2582 591,2579 635,2576 680,2576 725,2576 770,2573 814,2573 859,2576 904,2576 949,2576 994,2576 1038,2576 1083,2576 1128,2576 1173,2573 1217,2576 1262,2576 1307,2576 1352,2576 1396,2576 1441,2573 1486,2573 1531,2576 1576,2576 1620,2576 1665,2576 1710,2576 1755,2576 1799,2573 1844,2573 1889,2573 1934,2573 1979,2573 2023,2573 2068,2570 2113,2573 2158,2570 2202,2573"/>
                <TextEquiv>
                    <Unicode>Christe, Crucifixus en Benedictus, alleen nog vierstemmig, zijn als broos</Unicode>
                </TextEquiv>
            </TextLine>
            <TextLine id="tr_2_tl_8" custom="readingOrder {index:7;}">
                <Coords points="252,2676 2191,2691 2191,2613 1939,2591 252,2603"/>
                <Baseline points="265,2659 271,2659 316,2656 361,2653 405,2656 450,2656 495,2656 540,2653 585,2656 629,2653 674,2653 719,2653 764,2650 808,2650 853,2650 898,2653 943,2650 988,2650 1032,2650 1077,2653 1122,2653 1167,2653 1211,2653 1256,2653 1301,2650 1346,2653 1391,2653 1435,2653 1480,2653 1525,2653 1570,2653 1614,2650 1659,2653 1704,2650 1749,2653 1794,2650 1838,2650 1883,2650 1928,2650 1973,2650 2017,2647 2062,2647 2107,2650 2152,2647 2196,2644"/>
                <TextEquiv>
                    <Unicode>filigraanwerk van bescheiden afmeting, een fraai contrast met de groote</Unicode>
                </TextEquiv>
            </TextLine>
            <TextLine id="tr_2_tl_9" custom="readingOrder {index:8;}">
                <Coords points="247,2771 376,2734 400,2759 488,2737 514,2759 643,2739 803,2754 803,2666 667,2696 546,2696 519,2676 364,2710 284,2674 247,2686"/>
                <Baseline points="262,2734 307,2731 352,2731 397,2734 441,2734 486,2734 531,2731 576,2731 620,2731 665,2728 710,2728 755,2728 799,2731 808,2734"/>
                <TextEquiv>
                    <Unicode>lijn van het octuor.</Unicode>
                </TextEquiv>
            </TextLine>
            <TextLine id="tr_2_tl_10" custom="readingOrder {index:9;}">
                <Coords points="369,2817 1754,2846 2191,2814 2191,2751 369,2763"/>
                <Baseline points="382,2808 405,2808 450,2808 495,2805 540,2808 585,2805 629,2805 674,2805 719,2805 764,2805 808,2802 853,2805 898,2805 943,2805 988,2805 1032,2805 1077,2805 1122,2805 1167,2805 1211,2805 1256,2805 1301,2805 1346,2805 1391,2802 1435,2802 1480,2805 1525,2805 1570,2805 1614,2805 1659,2802 1704,2802 1749,2802 1794,2799 1838,2799 1883,2802 1928,2802 1973,2799 2017,2799 2062,2802 2107,2799 2152,2799 2196,2799"/>
                <TextEquiv>
                    <Unicode>Tegenover die episodische fijnheid treffen ons de overige misgedeelten</Unicode>
                </TextEquiv>
            </TextLine>
            <TextLine id="tr_2_tl_11" custom="readingOrder {index:10;}">
                <Coords points="245,2887 2186,2909 2186,2827 2026,2817 245,2846"/>
                <Baseline points="259,2883 268,2883 313,2883 358,2886 402,2886 447,2886 492,2886 537,2886 582,2886 626,2880 671,2883 716,2883 761,2883 805,2883 850,2883 895,2883 940,2877 985,2877 1029,2883 1074,2883 1119,2880 1164,2883 1208,2883 1253,2880 1298,2880 1343,2880 1388,2880 1432,2883 1477,2880 1522,2883 1567,2880 1611,2880 1656,2880 1701,2880 1746,2880 1791,2880 1835,2880 1880,2880 1925,2877 1970,2877 2014,2877 2059,2874 2104,2877 2149,2877 2193,2874"/>
                <TextEquiv>
                    <Unicode>te meer door een sterk gevoel van grootschheid, die culmineert bij het</Unicode>
                </TextEquiv>
            </TextLine>
            <TextLine id="tr_2_tl_12" custom="readingOrder {index:11;}">
                <Coords points="247,2972 2191,2965 2191,2916 247,2931"/>
                <Baseline points="262,2961 271,2961 316,2964 361,2964 405,2964 450,2964 495,2964 540,2964 585,2964 629,2961 674,2961 719,2961 764,2961 808,2958 853,2958 898,2961 943,2961 988,2961 1032,2961 1077,2961 1122,2961 1167,2961 1211,2961 1256,2961 1301,2958 1346,2961 1391,2958 1435,2958 1480,2958 1525,2958 1570,2958 1614,2958 1659,2958 1704,2958 1749,2955 1794,2952 1838,2955 1883,2955 1928,2955 1973,2955 2017,2955 2062,2955 2107,2955 2152,2955 2196,2955"/>
                <TextEquiv>
                    <Unicode>einde van het Credo, en in het Pleni van Hosanna. Hier geeft de Monte</Unicode>
                </TextEquiv>
            </TextLine>
            <TextLine id="tr_2_tl_13" custom="readingOrder {index:12;}">
                <Coords points="247,3057 1526,3033 1650,3086 2186,3055 2186,2994 247,2999"/>
                <Baseline points="262,3038 265,3038 310,3038 355,3038 399,3041 444,3041 489,3041 534,3041 579,3038 623,3038 668,3038 713,3035 758,3035 802,3038 847,3038 892,3038 937,3038 982,3035 1026,3035 1071,3035 1116,3038 1161,3038 1205,3038 1250,3035 1295,3035 1340,3035 1385,3032 1429,3032 1474,3035 1519,3032 1564,3035 1608,3035 1653,3035 1698,3035 1743,3032 1788,3032 1832,3032 1877,3035 1922,3032 1967,3032 2011,3032 2056,3032 2101,3032 2146,3029 2191,3029"/>
                <TextEquiv>
                    <Unicode>een constructieve plastiek te aanschouwen die enkel door den glans der</Unicode>
                </TextEquiv>
            </TextLine>
            <TextLine id="tr_2_tl_14" custom="readingOrder {index:13;}">
                <Coords points="243,3142 1252,3137 1223,3062 915,3081 878,3050 745,3093 243,3055"/>
                <Baseline points="256,3119 274,3119 319,3119 364,3119 408,3119 453,3119 498,3116 543,3119 588,3119 632,3116 677,3116 722,3113 767,3116 811,3113 856,3113 901,3116 946,3110 991,3113 1035,3113 1080,3113 1125,3116 1170,3116 1214,3113 1259,3116"/>
                <TextEquiv>
                    <Unicode>lyrische bezieling wordt geëvenaard.</Unicode>
                </TextEquiv>
            </TextLine>
            <TextLine id="tr_2_tl_15" custom="readingOrder {index:14;}">
                <Coords points="1431,3198 1526,3217 2077,3203 2077,3130 1808,3154 1715,3137 1691,3157 1584,3125 1431,3147"/>
                <Baseline points="1444,3185 1489,3188 1534,3188 1579,3188 1623,3188 1668,3188 1713,3185 1758,3188 1802,3188 1847,3185 1892,3185 1937,3185 1982,3185 2026,3185 2071,3188 2083,3188"/>
                <TextEquiv>
                    <Unicode>Ch. VAN DEN BORREN.</Unicode>
                </TextEquiv>
            </TextLine>
            <TextLine id="tr_2_tl_16" custom="readingOrder {index:15;}">
                <Coords points="289,3334 1681,3309 1834,3365 2186,3317 2186,3239 289,3266"/>
                <Baseline points="301,3310 310,3310 355,3310 399,3310 444,3310 489,3310 534,3310 579,3310 623,3307 668,3307 713,3304 758,3304 802,3304 847,3307 892,3307 937,3307 982,3307 1026,3304 1071,3304 1116,3304 1161,3304 1205,3304 1250,3304 1295,3304 1340,3304 1385,3304 1429,3304 1474,3304 1519,3304 1564,3304 1608,3304 1653,3304 1698,3304 1743,3304 1788,3301 1832,3301 1877,3301 1922,3301 1967,3298 2011,3295 2056,3298 2101,3298 2146,3298 2191,3301"/>
                <TextEquiv>
                    <Unicode>I. Vgl. G. VAN DoorsLAER, La vie et les œuvres de Philippe de Monte, b'z. 169 (2e mis).</Unicode>
                </TextEquiv>
            </TextLine>
        </TextRegion>
    </Page>
</PcGts>
