2561 3768
1183 254 1604 374 PRÉFACE
558 545 2375 682 A messe à huit voix, sine nomine, publiée ci-après, est extraite
598 670 2375 740 du codex 16.194 (livre de choeur) de la Bibliothèque Nationale
488 769 2361 827 — de Vienne, où elle occupe les folios 74 verso à 108 recto. Appar-
374 819 2375 931 tient-elle ou non au genre de la missa parodia? Il est impossible de le
386 899 2363 981 savoir. Nous pencherions plutôt pour la négative, en raison de l’extrême
378 974 2363 1061 liberté avec laquelle les différents motifs y sont traités. Encore convient-
381 1058 2370 1150 d’être prudent en cette matière : car l’on peut parfaitement concevoir que
374 1130 2363 1218 les emprunts à une œuvre préexistante se soient occasionnellement
374 1208 2370 1292 bornés à des motifs épars, cas auquel l’indication de la source dans le titre
378 1292 2370 1370 de la messe ne s’impose point comme lorsqu’il s‛agit d’une parodie au
381 1370 690 1467 sens strict.
505 1444 2363 1544 Quoi qu’il en soit de cette question, la présente messe apparaît
378 1524 2366 1606 comme l’une des plus riches de substance parmi celles de Philippe de Monte
378 1614 2363 1696 qui ont été publiées jusqu’à présent. Composée à huit voix réelles, elle
369 1683 2351 1760 renonce, par là-même, aux effets faciles du style vénitien à double chœur,
381 1770 2361 1838 pour se livrer tout entière aux raffinements d'une écriture complexe, mais
374 1843 2351 1930 exceptionnellement féconde en ressources pour qui possède, comme le
374 1917 2353 2002 maître de Malines, la faculté de vision synthétique. Très opportunément,
381 1985 2361 2069 Monte adopte le type de la missa brevis, où les répétitions de membres de
378 2082 2341 2161 etc. plutôt clairsemées, tout au moins dans le Gloria et le Credo
383 2156 2351 2243 grâce à quoi il évite la fatigue et la monotonie qui peuvent naître de l'éten¬
386 2231 2358 2333 due excessive d’une grande masse polyvocale. Aussi bien, l’artifice de la
383 2296 2351 2390 division des voix, dont il use avec l’art le plus exquis, lui permet-il d’aérer
381 2383 2358 2473 et d’équilibrer de la façon la plus harmonieuse le tissu contrapuntique
374 2455 2348 2557 aux ramifications multiples que constitue l’octuor. Le Christe, le Crucifixus
374 2537 2356 2622 et le Benedictus, dans lesquels il ne fait plus entrer en jeu que quatre voix,
371 2597 2351 2737 lui fournissent l'occasion d’opposer à la grande ligne de l’octuor, le filigrane
371 2677 1230 2779 ténu d'une masse plus réduite.
493 2759 2356 2856 Contrastant avec ces épinsodes tout en finesse, le restant de la messe
374 2831 2361 2933 frappe par un sentiment intensé de la grandeur, qui atteint son point
374 2931 2356 3035 culminant à la fin du Credo, ainsi que dans le Pleni et l’Hosanna. Philippe
381 3003 2356 3125 de Monte déploie, là, un sens de la plastique constructive qui n’a d’égal
381 3080 1539 3182 que la splendeur de l’inspiration lyrique.
1591 3162 2241 3277 Ch. VAN DEN BORREN.
423 3247 2318 3399 I. Ct. G. VAN DoorsLAER, La vie et les œuvres de Philippe de Monte, p. 169 (2e messe).
428 3371 515 3459 10.
