2561 3768
968 265 1527 379 EINLEITUNG
508 562 2215 673 IE vorliegende 8stimmige Messe sine nomine ist dem Codex
540 664 2210 742 16-194 (Chorbuch) der Wiener Nationalbibliothek1 entnommen,
460 737 2208 814 wo sie Folio 74 verso bis 108 recto einnimmt. Ob sie zur
270 812 2205 926 Gattung der missa parodia gehört, kann nicht ausgemacht werden. Wir
260 887 2215 975 möchten für den verneinenden Fall stimmen, wegen der extremen Freiheit
260 970 2205 1058 in der Behandlung der Motive. Und doch empfiehlt es sich hier Vorsicht
263 1055 2212 1118 zu üben, weil einem schon bestehenden Werk einzelne Motive entnommen
270 1123 2212 1201 sein könnten, und in diesem Falle die Quellenandeutung im Titel der
272 1194 2215 1310 Messe nicht so massgebend ist, als wenn es sich um eine Parodie im
267 1267 1031 1369 eigentlichen Sinne handelt.
391 1352 2205 1425 Wie dem auch sein möge, vorliegende Messe ist eine der substant-
267 1425 2215 1529 tiellsten unter den bis jetzt herausgegebenen Messen Philipp de Monte's.
275 1505 2210 1590 Für 8 wirkliche Stimmen componiert, verzichtet sie demzufolge auf die
272 1578 2205 1668 billigen Effektmittel des venetianischen Doppelchor-Stiles. Sie ergeht
280 1653 2203 1748 sich in der raffinierten Weinheit einer verwickelten aber ungemein frucht¬
270 1731 2212 1806 baren Schreibweise eines Componisten der, wie der Mechelner Meister
272 1804 2210 1879 die Gabe synthetischer Vision besitzt. Auf sehr glückliche Weise gebraucht
272 1879 2215 1977 de Monte hier den deren der missa brevis, mit wenig Wiederholungen
280 1955 2205 2047 gewisser Satzteile, besonders im Gloria und Credo. So vermeidet er die
282 2035 2217 2120 ermüdende Monotonie vieler mehrstimmigen Tonmassen. Die kunstvolle
280 2110 2210 2200 Stimmenverteilung seiner feinen Hand bringt auf äusserst harmonische
280 2186 2198 2268 Art Licht und Luft in das weitverzweigte contrapunktische Gewebe des
282 2278 2215 2361 Octettes und vermag es gleichsam im Gleichgewicht zu erhalten. Christe,
275 2332 2205 2412 Crucifixus und Benedictus, nur noch 4stimmig, sind wie zarte Filigran-
272 2419 1425 2507 arbeit gegenüber der Wucht des Octettes.
396 2477 2212 2575 Dieser ejisodischen Weinheit gegenüber treffen uns die übrigen Teile
272 2565 2215 2652 der Messe durch eine Grosszügigkeit, die ihren Höhepunkt am Ende des
275 2645 2212 2757 Credos erreicht, sowie im Pleni und Hosanna. Hier entfaltet de Monte
272 2730 2215 2818 ein Gefühl für Plastik, dem allein der Glanz seiner lyrischen Inspitation
275 2813 661 2905 gleichkommt.
1459 2859 2096 2986 Ch. VAN DEN BORREN.
321 3217 2215 3338 I Vergl. G. VAN DoorsLAER, La vie et les œuvres de Philippe de Monte, S. 169 (2. Messe)
2062 3338 2142 3438 II
