2558 3814
1241 178 1747 316 FORKWORD
601 502 2439 615 THE eight-part mass, sine nomine, published herewith, is taken
455 484 556 608 ^
687 596 2434 709 from the Vienna National February Codex 16,194 (a choir-book),
689 689 2437 786 folios 74 verso to 108 recto. Does it or not belong to the missa
578 712 665 756 L
447 783 2422 855 parodia type? It is quite impossible to say. We should beίnclined
447 843 2422 927 because of the extreme liberty with which the different motifs are treated
452 924 2419 1001 to answer in the negative. Prudence is, however, to be observed here
447 1001 2427 1082 for it is quite conceivable that rare motifs only may have been borrowed
447 1065 2429 1166 from a supposed source, in which case indication of the latter in the title
452 1159 1920 1236 of the mass would have been thought unnecessary.
571 1236 2422 1332 Be it as it may, the present mass is to be classes with the substant¬
447 1315 2434 1409 tially richest among those of Philip de Monte hitherto published. In
442 1396 2419 1465 eight real parts, it leaves inside, by the very fact, the easy effects proper
447 1473 2417 1559 to the Venetian double-choir style, to indulge in thebringing of com¬
447 1547 2422 1629 plex writing, an exceptionally resourceful vein for those who, like the
447 1626 2422 1705 Malines Master, have the faculty of synthetic vision. In the present
450 1715 2419 1806 case, Monte opportunity adopt the missa brevis type, with, at least
435 1769 2419 1861 in the Gloria and the Credo, but few repeated phrase- members, and so
437 1853 2419 1965 avids the tediousness which lengthy and missive polyvocaI matter can
442 1928 2419 2031 bring about. The result is that, by diversely Cividing the voice-parts
524 2009 2414 2110 an art which heexquisitely understands - he « ventilates»and harmo¬
442 2083 2412 2209 niously equilibrates the multipliE ramifications of the octuple polyphonic
445 2185 2422 2259 structure. In the Christe, the Crucifixus, and the Benedictus, written in
437 2261 2414 2345 four parts only, he finds the opportunity of opposing the transport
442 2316 2160 2447 filigree of reduced volume to the otherwise general octuor.
559 2390 2427 2528 Contrasting with theseKsmaller, more delicate ejisodes, the rest of
437 2474 2419 2600 the mass is filled with an intense spirit of grandeur, which attains a
437 2573 2414 2659 culminating point at the end of the Credo and in the Pleni and the Hosanna.
435 2624 2414 2746 Philip de Monte here congress a sense of plastic construct desness equalled
437 2711 1764 2854 only by the splendour of his lyric hispiration.
1680 2872 2321 2990 Ch. VAN DEN BORREN.
479 3104 2422 3299 L'ŒSibre, VAN DoERSLAER, La vie et les œuvres de Philippe de Monte, page 169 (second
425 3223 586 3279 mass).
484 3336 583 3413 12
