8333 11250
5523 1649 5768 2049 E,
4154 1691 4330 2098 A
2863 1684 3095 2042 E
2211 1712 2702 2112 R
1628 1712 2021 2147 P
3081 2842 4344 3242 BY THE
5088 3705 5389 4070 R.
3263 3698 4028 4133 I I
2007 3740 2260 4140 E
919 4793 6491 5347 AS the lovers of sacred music may be desirous to know something concerning the authors of composi¬
912 5137 6505 5516 tions which have so long held the first place in the service of the pontifical chapel, where purity of harmo¬
912 5340 6533 5740 ny, refinement of vocal sounds, and delicacy of expression, have been carried to their highest perfection; in
891 5537 6505 5930 order to gratify their curiosity, the following biographical particulars of these great masters of harmony
891 5754 6512 6147 have been felected, chiefly from Adami and Bontempi, writers of great merit, whoſe works are but in
912 6077 1572 6344 few hands.
1046 6232 6519 6723 GIOFANNI Pierluigi da Palestrina was scholar to Gaudimel, a native of Franche Compté,
954 6540 6533 6933 who was murdered at Lyons, and his body thrown into the Rhone, on the day of the maſſacre of Paris,
947 6751 6526 7137 1572. The time of Palestrina's birth cannot exactly be ascertained, because the register of it was de¬
926 6940 6540 7319 ſtroyed by the conflagration which happened at Paleſtrina, the place where he was born, and whence
933 7130 6547 7509 he derived his name, when it was facked by the Duke of Eua, in 1557 ; bur, as it appears by a book
954 7333 6554 7719 written by Torrigio, called Le Groite Vaticane, that he died on the ad of February, 1594, and that he
940 7565 6267 7944 was then in the ſixty-fith ycar of his age, it follows, that he was born ſome time in the year 1529.
1067 7860 6575 8302 He was born.poor in fortune, yet the richness of his genius ſoon rendered him not only the wonder of
954 8175 6561 8526 Rome, but of all Europe ; of this the numerous editions of his many admirable works are suf¬
947 8330 6575 8723 ficient testimonies: for they were written with such great knowledge and correctness, that all future
975 8603 4421 8940 professors regarded them as the standing models of perfection.
1102 8856 6596 9298 THERE were many excellent Contrapuntists before the time of this great composer; among whom
968 9144 6582 9523 vns Jusquin del Prato, sometimes called Jacopo Pratense, who was inventor of the most spirited fugues
940 9326 6575 9747 and inversions which music could boaſt in his days. But though these eminent maſters were exnet ob¬
