8333 11250
1801 268 7437 650 servers of the rules of composition, their injudicious manner of adapting melodies to words, determined
1787 473 7444 848 Pope Marcellus the Second to baniſh muſic from divine ſervice. This Pope had a very refined taſte
1773 664 7409 1052 in all. the arts; and though he governed the church but twenty-two days, he began, during that time,
1752 890 7409 1314 ferioufly to apply himfelf to the reformation of abufes, particularly fuch as had crept into church music.
1921 1243 7416 1653 Bur, while the fate of choral harmony was in suspence, Giovami Pferluigi da Palestrina, being then
1773 1483 7409 1829 but twenty-six years of age, intreated his Holiness, before music was for ever érased from the sacred
1773 1681 7423 2027 ritual, to suffer a mass, which he had composed in a truly grave church stile, to be performed in his
1780 1900 7402 2239 presence; which request being granted, upen Easter Sunday 1555, was sung, in six parts, the famous
1766 2083 7394 2451 maîs called Papa Marcclli, which was fo highly approved, as to restore mulie to its former favour,
1759 2274 7394 2606 and procure its re-establishment in the service of the church. This mass was afterwards published, and
1766 2486 7394 2896 dedicated to the fucceffor of Marcellus, Paul IV. by whom Palefrina was appainted compoler to the
1759 2663 2535 2987 papal chapel.
1907 3002 7380 3432 THE success of this great composer, in preventing church music from being utterly abolished, was of
1737 3256 7359 3623 fuch importance to tlie profeſſion, that lis name is held in the higheſt veneration by muficians in gene¬
1737 3482 7380 3814 ral, and in a particular manner by the members of the Roman college; who have all formed themfelves
1752 3672 7394 4004 upon those admirable models of composition with which he- furniſhed the pontifical chapel, and of which
1744 3877 7359 4188 à greater number still continues to be sung than of any other composer. An original picture of this fi¬
1737 4082 7387 4471 ther of harmony, as the restorer and benefactor of music, is carefully preserved in the archives of the
1716 4280 2571 4584 Pope's chapel.
1836 4612 7380 5021 IN. 1562, at the age of thirty-three, Palestrina was elected Maestro di Capella of Se. Maria Maggiore;
1709 4852 7345 5226 and, in 1571, he succeeded Giovami Animuccia, in the same office, at St. Peter's church. This great
1695 5064 7366 5403 harmonist died on the 2d of February, 1594, in the pontificate of Clement VIII. full of years and of
1688 5269 7359 5608 honour, to the inexpressible grief, not only of the professors, but of all the lovers of music in his time¬
1702 5459 7366 5791 There was a public function performed at his funeral by three choirs, and he was attended to St. Peter'a
1702 5657 7359 5982 church, where he was buried before the altar of St. Simon and St. Jude, not only by all the singers of
1695 5862 7366 6201 the Pope's chapel, but by all the muſicians of Rome, as well as by an inſinite crowd of people. His
1695 6067 7324 6377 being buried in St. Peter's church was a peculiar honour granted to him, in consequence of his extraor¬
1681 6250 7331 6618 dinary merit. Libera me, Domiie, composed by himself, was sung through the ſtreets during the pro¬
1688 6441 7119 6886 cession. On the spot where he was interred, is engraved, upon a plate, the following inscription:
3002 6844 6046 7168 JOHANNES PETRUS ALOTSIUS PRENESTINUS,
3814 7084 5219 7359 MUSICAE PRINCEPS.
1808 7416 7303 7783 THE Reverend Gregorio Alegri, born at Ronie, was adinitted into the Pope's chapel, Dec. 6th, 1629.
1674 7606 7324 8009 as à counter-tenor. He studied under the famous Nanini, in company with Antenio Cifra and Pier
1667 7868 7317 8207 Francesco Valentini. Nantui was cotemporary with Palestrina, and his most intimate friend. They had
1674 8058 7324 8397 been fellow-students under Gandimel, who had instituted a music school at Rome, which had, produced
1667 8263 7331 8595 a great number of eminent professors. Allegri was accounted an admirable master of harmony. Many of
1660 8461 7324 8779 his works are ftill preferved and performed in the Pope's chapel; particularly the following celebrated
1653 8666 7310 9040 Miferere. Elis abilities as a singer were but small; yet so much was he esteenied by all the musical
