<?xml version="1.0" encoding="UTF-8" standalone="yes"?>
<PcGts xmlns="http://schema.primaresearch.org/PAGE/gts/pagecontent/2013-07-15" xmlns:xsi="http://www.w3.org/2001/XMLSchema-instance" xsi:schemaLocation="http://schema.primaresearch.org/PAGE/gts/pagecontent/2013-07-15 http://schema.primaresearch.org/PAGE/gts/pagecontent/2013-07-15/pagecontent.xsd">
    <Metadata>
        <Creator>prov=READ-COOP:name=PyLaia@TranskribusPlatform:version=2.15.0:model_id=39995:lm=none:date=15_07_2024_11:24</Creator>
        <Created>2024-07-10T12:18:40.166+02:00</Created>
        <LastChange>2024-07-15T11:24:11.745+02:00</LastChange>
        <TranskribusMetadata docId="3221045" pageId="74771236" pageNr="3" tsid="177780030" status="IN_PROGRESS" userId="131016" imgUrl="https://files.transkribus.eu/Get?id=ZPWDXQMOSHCCYSOPTELBHFMU&amp;fileType=view" xmlUrl="https://files.transkribus.eu/Get?id=DMGKUONVVUKTTVHAYYRDYCEZ" imageId="60573051"/>
    </Metadata>
    <Page imageFilename="0003_sld-burn-settsan-512657440-fs-00011.jpg" imageWidth="8333" imageHeight="11250">
        <ReadingOrder>
            <OrderedGroup id="ro_1757315979773" caption="Regions reading order">
                <RegionRefIndexed index="0" regionRef="tr_1"/>
            </OrderedGroup>
        </ReadingOrder>
        <TextRegion orientation="0.0" id="tr_1" custom="readingOrder {index:0;}">
            <Coords points="949,215 949,9044 6598,9044 6598,215"/>
            <TextLine id="tr_1_tl_1" custom="readingOrder {index:0;}">
                <Coords points="4063,428 4119,428 4140,407 4161,428 4203,428 4225,449 4267,449 4267,196 4161,196 4133,218 4063,211"/>
                <Baseline points="4102,310 4127,310 4153,310 4178,310 4204,310 4229,310 4255,310 4281,310"/>
                <TextEquiv>
                    <Unicode>N</Unicode>
                </TextEquiv>
            </TextLine>
            <TextLine id="tr_1_tl_2" custom="readingOrder {index:1;}">
                <Coords points="2975,456 3032,456 3060,442 3095,442 3109,456 3137,442 3179,449 3179,98 3144,98 3123,119 3081,119 3053,105 3025,133 3011,119 2975,119"/>
                <Baseline points="3015,316 3043,314 3072,312 3101,310 3130,312 3159,314 3188,316"/>
                <TextEquiv>
                    <Unicode></Unicode>
                </TextEquiv>
            </TextLine>
            <TextLine id="tr_1_tl_3" custom="readingOrder {index:2;}">
                <Coords points="912,765 1347,681 1551,744 1909,681 2267,744 2582,674 2779,723 3284,695 3481,737 3586,674 3803,688 3853,737 4042,660 4246,702 4344,667 4533,723 4863,674 5067,702 5144,660 5228,709 5439,716 5705,653 5881,667 5930,625 6133,702 6351,667 6554,723 6561,386 6456,372 5972,379 5747,512 5649,449 5586,491 5354,421 5165,463 5088,526 4863,428 4688,484 4603,456 4470,540 4281,463 4098,477 4007,533 3754,477 3600,547 3516,491 3411,561 3291,491 3102,463 2940,554 2807,498 2758,526 2688,470 2589,526 2288,491 2196,540 2007,470 1818,512 1579,463 1432,526 1333,484 1277,526 919,463"/>
                <Baseline points="949,662 1229,659 1510,656 1790,650 2071,655 2352,650 2632,650 2913,654 3194,645 3474,638 3755,644 4036,638 4316,626 4597,626 4878,626 5158,628 5439,632 5720,626 6000,622 6281,621 6562,632"/>
                <TextEquiv>
                    <Unicode>profeffors of his time, that the Pope, in order to appropriate him to his fervice, appointed hiim to be</Unicode>
                </TextEquiv>
            </TextLine>
            <TextLine id="tr_1_tl_4" custom="readingOrder {index:3;}">
                <Coords points="919,912 1046,947 1165,891 1284,926 1439,884 1719,933 2014,891 2091,919 2211,870 2372,947 2533,870 2765,919 3053,884 3186,919 3256,877 3411,919 3488,877 3544,912 3993,884 4049,919 4119,870 4161,905 4267,863 4625,905 4702,863 4898,919 5284,863 5439,919 5593,835 5740,877 6014,842 6119,919 6253,863 6330,905 6491,870 6491,723 6091,716 6042,667 5937,723 5796,688 5614,737 5179,667 5025,723 4863,674 4793,709 4660,688 4610,730 4400,716 4323,660 4260,702 3853,737 3754,674 3460,751 3340,702 2947,737 2582,674 2253,744 2063,681 1846,758 1544,744 1347,681 1256,765 1130,772 1060,716 919,758"/>
                <Baseline points="961,865 1238,854 1515,853 1792,847 2069,844 2346,847 2623,847 2900,842 3177,835 3454,830 3731,830 4008,829 4285,824 4562,830 4839,824 5116,821 5393,822 5670,824 5947,818 6224,818 6502,830"/>
                <TextEquiv>
                    <Unicode>onc.of the fingers of his chapel. He joined to his extraordinary merit an excellent moral character</Unicode>
                </TextEquiv>
            </TextLine>
            <TextLine id="tr_1_tl_5" custom="readingOrder {index:4;}">
                <Coords points="919,1109 1298,1081 1719,1137 1796,1081 1937,1102 2000,1067 2316,1137 2365,1088 2456,1123 2632,1067 2723,1116 3011,1053 3137,1123 3396,1060 3747,1095 3811,1060 3930,1102 4098,1053 4147,1088 4302,1067 4379,1116 4751,1046 4877,1102 4989,1053 5151,1095 5319,1053 5460,1116 5558,1039 5775,1116 5867,1046 6526,1053 6526,877 6337,912 6260,870 6119,919 5874,870 5810,919 5593,835 5439,919 5214,877 4884,919 4786,870 4660,940 4554,877 4386,912 4267,863 4175,905 4126,870 4063,926 3993,884 3839,919 3249,884 3165,947 3060,884 2625,912 2589,877 2505,940 2428,898 2330,954 2196,870 2077,926 2028,891 1782,919 1740,961 1446,891 1256,933 1165,891 1067,954 989,898 919,912"/>
                <Baseline points="955,1062 1234,1056 1513,1050 1792,1050 2071,1044 2350,1044 2629,1039 2909,1033 3188,1027 3467,1023 3746,1021 4025,1021 4304,1021 4583,1021 4863,1017 5142,1015 5421,1018 5700,1015 5979,1009 6258,1015 6538,1021"/>
                <TextEquiv>
                    <Unicode>for he not only aflilted the poor, by whom his door was uſually crowded, to the utmoſt of his power,</Unicode>
                </TextEquiv>
            </TextLine>
            <TextLine id="tr_1_tl_6" custom="readingOrder {index:5;}">
                <Coords points="919,1284 989,1270 1081,1326 1179,1291 1396,1326 1446,1291 1544,1333 1684,1277 1874,1312 1965,1256 2063,1312 2154,1270 2211,1312 2639,1270 2786,1319 2926,1263 3109,1263 3446,1319 3488,1277 3628,1312 3789,1249 3853,1284 4000,1263 4070,1326 4253,1270 4709,1305 4758,1256 4856,1291 5123,1256 5249,1319 5340,1256 5768,1305 6028,1263 6232,1291 6379,1228 6512,1263 6512,1039 6295,1074 5874,1046 5761,1123 5572,1039 5460,1109 5319,1053 5179,1095 5060,1067 5003,1123 4723,1067 4547,1109 4428,1081 4372,1123 4098,1060 3453,1109 3389,1053 3151,1123 2947,1060 2716,1116 2533,1088 2414,1137 2112,1067 1796,1081 1719,1137 1298,1074 919,1109"/>
                <Baseline points="955,1253 1233,1248 1512,1248 1791,1242 2070,1241 2349,1236 2628,1228 2906,1230 3185,1226 3464,1218 3743,1218 4022,1218 4301,1218 4580,1218 4858,1218 5137,1218 5416,1212 5695,1210 5974,1206 6253,1206 6532,1218"/>
                <TextEquiv>
                    <Unicode>but daily vifited the prifons of Rome, in order to bestow his alms on the most deferving and diftressfu</Unicode>
                </TextEquiv>
            </TextLine>
            <TextLine id="tr_1_tl_7" custom="readingOrder {index:6;}">
                <Coords points="919,1488 1277,1516 1361,1460 1425,1523 1579,1474 1642,1523 1832,1488 1916,1537 2119,1481 2470,1502 2540,1446 2730,1509 2821,1467 2996,1488 3088,1446 3228,1481 3312,1446 3600,1516 3705,1474 3754,1502 3860,1439 4056,1495 4189,1474 4260,1523 4344,1467 4477,1495 4568,1453 4751,1453 4793,1495 5102,1460 5228,1509 5368,1453 5593,1453 5670,1509 5825,1453 6147,1495 6533,1467 6533,1249 6379,1305 6007,1270 5881,1319 5593,1270 5249,1319 5088,1256 4996,1305 4589,1277 4421,1326 4267,1270 4084,1326 3965,1270 3796,1326 3677,1277 3207,1312 3102,1263 3060,1298 2547,1319 2098,1284 2028,1326 1881,1277 1775,1319 1684,1277 1474,1340 1249,1277 1011,1340 919,1319"/>
                <Baseline points="955,1445 1234,1445 1514,1439 1794,1439 2074,1433 2353,1427 2633,1425 2913,1421 3193,1421 3472,1421 3752,1420 4032,1415 4312,1421 4591,1415 4871,1415 5151,1415 5431,1409 5710,1403 5990,1407 6270,1408 6550,1421"/>
                <TextEquiv>
                    <Unicode>obijects he could find in them. “ Of this," ſays the author from whom theſe particulars are extracted,</Unicode>
                </TextEquiv>
            </TextLine>
            <TextLine id="tr_1_tl_8" custom="readingOrder {index:7;}">
                <Coords points="947,1712 1200,1670 1333,1712 1733,1677 1909,1733 1972,1670 2379,1698 2512,1649 2786,1712 3256,1663 3354,1726 3481,1677 3565,1719 4021,1684 4098,1642 4533,1684 4814,1635 5165,1705 5326,1628 5425,1663 5516,1628 5586,1684 5684,1628 5853,1691 6218,1656 6274,1698 6379,1656 6519,1705 6519,1481 6421,1516 6112,1467 5881,1502 5825,1453 5733,1509 5607,1474 5551,1523 5403,1453 5235,1509 5081,1460 4933,1530 4828,1523 4737,1453 4667,1516 4519,1530 4400,1460 4260,1523 4000,1474 3944,1516 3579,1530 3361,1446 3221,1481 3074,1446 2884,1509 2842,1467 2751,1509 2625,1474 2498,1523 2337,1474 2218,1523 2000,1502 1909,1537 1832,1488 1425,1530 1347,1460 1277,1516 1214,1481 947,1502"/>
                <Baseline points="985,1612 1262,1636 1540,1635 1817,1630 2095,1630 2373,1627 2650,1618 2928,1618 3206,1618 3483,1618 3761,1618 4039,1613 4316,1613 4594,1612 4872,1606 5149,1609 5427,1606 5705,1606 5982,1605 6260,1611 6538,1618"/>
                <TextEquiv>
                    <Unicode>«I was affured by one of tlie ſcholars of Alegri, a man of the greateſt verncity, who is now (in 1711)</Unicode>
                </TextEquiv>
            </TextLine>
            <TextLine id="tr_1_tl_9" custom="readingOrder {index:8;}">
                <Coords points="919,1874 1249,1930 1354,1881 1453,1916 1537,1874 1775,1902 1832,1867 2295,1909 2421,1853 2618,1923 2814,1860 3284,1909 3495,1853 3614,1888 3846,1860 3888,1895 3944,1853 4007,1888 4133,1853 4288,1902 4618,1846 4765,1909 4919,1867 5088,1916 5165,1853 5382,1909 5425,1867 5579,1874 5635,1818 5951,1909 6091,1853 6526,1874 6526,1705 6470,1684 5951,1705 5712,1635 5628,1684 5509,1635 5354,1719 5270,1656 5144,1698 4842,1642 4681,1705 4463,1670 4407,1719 4253,1642 4105,1642 4028,1705 3902,1670 3663,1712 3607,1677 3558,1719 3425,1691 3354,1733 3263,1677 3025,1726 2568,1670 2484,1705 2218,1670 1986,1733 1670,1677 1635,1712 1389,1684 919,1719"/>
                <Baseline points="961,1809 1240,1828 1519,1827 1798,1827 2077,1827 2356,1827 2635,1821 2915,1821 3194,1815 3473,1815 3752,1815 4031,1815 4310,1815 4589,1812 4869,1809 5148,1809 5427,1809 5706,1803 5985,1803 6264,1803 6544,1809"/>
                <TextEquiv>
                    <Unicode>alive. He fet niany parts of the church fervice wich such divine simplicity, and purity ofharmony, that</Unicode>
                </TextEquiv>
            </TextLine>
            <TextLine id="tr_1_tl_10" custom="readingOrder {index:9;}">
                <Coords points="933,2098 1067,2126 1305,2063 1509,2119 1832,2056 1958,2112 2000,2077 2351,2105 2533,2056 2653,2098 2863,2077 2947,2126 3123,2049 3193,2098 3249,2056 3305,2091 3418,2063 3551,2126 3986,2070 4042,2119 4428,2042 4575,2119 4856,2042 5039,2091 5158,2021 5382,2105 5523,2035 5705,2091 5825,2028 5986,2028 6063,2077 6330,2028 6435,2105 6526,2077 6526,1881 6400,1846 6246,1909 6161,1853 5944,1902 5867,1853 5684,1867 5642,1832 5298,1923 5186,1881 5088,1923 4835,1874 4681,1909 4618,1846 4540,1888 4330,1874 4274,1909 4196,1874 4105,1916 3881,1902 3839,1853 3635,1909 3558,1853 3074,1937 2933,1860 2589,1923 2428,1846 2232,1916 2000,1874 1923,1916 1811,1867 1698,1909 1347,1881 1249,1930 933,1881"/>
                <Baseline points="973,2048 1251,2036 1530,2036 1808,2030 2087,2030 2365,2024 2644,2021 2922,2018 3201,2014 3479,2017 3758,2018 4037,2018 4315,2018 4594,2012 4872,2012 5151,2009 5429,2006 5708,2002 5986,2005 6265,2006 6544,2006"/>
                <TextEquiv>
                    <Unicode>lis loss was much felt, and sincerely lamented by the whole college of lingers in the papal service. He died</Unicode>
                </TextEquiv>
            </TextLine>
            <TextLine id="tr_1_tl_11" custom="readingOrder {index:10;}">
                <Coords points="919,2267 1046,2316 1291,2281 1425,2330 1726,2267 1965,2337 2147,2260 2323,2295 2540,2239 2632,2288 2947,2267 3116,2316 3298,2246 3691,2309 3846,2260 3923,2302 4407,2246 4603,2295 4660,2239 4730,2267 4772,2232 4912,2246 4975,2309 5165,2309 5382,2246 5537,2316 5621,2260 5832,2309 5916,2253 6119,2225 6253,2281 6372,2225 6540,2246 6540,2091 6372,2063 6253,2105 6133,2063 5712,2098 5565,2049 5270,2105 5193,2028 5046,2098 4982,2042 4688,2063 4589,2119 4449,2063 4309,2112 4246,2070 4035,2112 3965,2049 3902,2098 3775,2077 3565,2126 3389,2056 3193,2105 3116,2049 2947,2112 2863,2070 2793,2126 2716,2077 2393,2070 2267,2126 1972,2098 1839,2154 1663,2063 1368,2140 1291,2077 1067,2126 919,2098"/>
                <Baseline points="955,2239 1235,2239 1515,2233 1795,2233 2075,2221 2355,2220 2635,2216 2915,2215 3195,2215 3475,2215 3755,2215 4035,2215 4315,2215 4595,2209 4875,2203 5155,2203 5435,2209 5715,2203 5995,2203 6275,2203 6556,2221"/>
                <TextEquiv>
                    <Unicode>February 18th, and was buried in the Cbiefa Nrova, before the chapel of S. Filippo Neri, near the altar</Unicode>
                </TextEquiv>
            </TextLine>
            <TextLine id="tr_1_tl_12" custom="readingOrder {index:11;}">
                <Coords points="954,2554 1193,2470 1354,2533 1684,2463 1979,2505 2091,2456 2463,2463 2618,2512 2681,2477 2800,2526 2940,2442 3081,2428 3242,2491 3509,2463 3698,2519 4028,2519 4344,2470 4674,2533 4821,2533 4884,2477 5039,2526 5347,2484 5418,2526 5663,2470 5846,2547 6028,2498 6133,2540 6288,2470 6526,2477 6526,2274 6140,2295 6042,2246 5825,2309 5691,2302 5635,2246 5558,2316 5474,2309 5375,2246 5158,2316 4982,2316 4730,2253 4610,2302 4400,2239 4168,2309 4098,2281 3832,2330 3551,2267 3481,2316 3368,2246 3291,2316 3214,2274 3130,2309 2800,2274 2674,2323 2540,2253 2414,2316 2302,2274 2175,2309 2119,2260 1965,2330 1902,2281 1740,2316 1558,2288 1467,2330 1179,2281 954,2351"/>
                <Baseline points="991,2442 1268,2436 1545,2430 1823,2424 2100,2421 2377,2418 2655,2418 2932,2412 3209,2413 3487,2412 3764,2418 4041,2418 4319,2412 4596,2412 4873,2406 5151,2406 5428,2406 5705,2406 5983,2406 6260,2406 6538,2412"/>
                <TextEquiv>
                    <Unicode>of the Annunciation, where there is a vault for the reception of deccaſed fingers belonging to the Pope'a</Unicode>
                </TextEquiv>
            </TextLine>
            <TextLine id="tr_1_tl_13" custom="readingOrder {index:12;}">
                <Coords points="912,2723 1109,2695 1263,2751 1439,2681 1825,2716 2070,2674 2203,2730 2246,2688 2540,2730 2716,2688 3018,2800 3088,2751 3165,2800 3340,2758 3544,2793 3544,2519 3347,2477 3109,2512 2926,2477 2786,2533 2730,2484 2589,2526 2456,2456 2281,2498 2091,2456 1979,2505 1761,2491 1698,2547 1516,2470 1354,2533 1144,2477 912,2540"/>
                <Baseline points="949,2645 1079,2641 1210,2641 1341,2638 1472,2633 1602,2633 1733,2630 1864,2627 1995,2621 2125,2621 2256,2621 2387,2621 2518,2619 2648,2615 2779,2615 2910,2619 3041,2615 3171,2615 3302,2615 3433,2615 3564,2621"/>
                <TextEquiv>
                    <Unicode>chapel, upon which is the following inſcription:</Unicode>
                </TextEquiv>
            </TextLine>
            <TextLine id="tr_1_tl_14" custom="readingOrder {index:13;}">
                <Coords points="2947,3088 3116,3102 3186,3046 3432,3102 3579,3053 3691,3095 3853,3039 4014,3088 4260,3053 4470,3116 4526,3095 4533,2807 4358,2849 4274,2800 4105,2814 3930,2730 3663,2828 3389,2765 3242,2807 2954,2793"/>
                <Baseline points="2985,3027 3067,3016 3149,3015 3231,3015 3313,3015 3395,3015 3477,3015 3559,3015 3641,3015 3723,3015 3805,3015 3887,3015 3969,3009 4051,3014 4133,3010 4215,3009 4297,3013 4379,3015 4461,3021 4544,3027"/>
                <TextEquiv>
                    <Unicode>CANTORES PONTIFICII,</Unicode>
                </TextEquiv>
            </TextLine>
            <TextLine id="tr_1_tl_15" custom="readingOrder {index:14;}">
                <Coords points="3172,3249 3768,3298 3944,3235 4070,3305 4140,3263 4274,3305 4274,3074 4196,3053 3719,3095 3586,3053 3403,3095 3172,3039"/>
                <Baseline points="3212,3224 3266,3217 3320,3212 3374,3212 3428,3212 3482,3212 3536,3212 3590,3212 3644,3212 3698,3212 3752,3212 3806,3212 3860,3212 3914,3212 3968,3212 4022,3212 4076,3212 4130,3212 4184,3212 4238,3217 4293,3224"/>
                <TextEquiv>
                    <Unicode>NE QUOS VIVOS,</Unicode>
                </TextEquiv>
            </TextLine>
            <TextLine id="tr_1_tl_16" custom="readingOrder {index:15;}">
                <Coords points="3067,3495 3418,3502 3705,3432 3853,3467 3930,3432 4140,3537 4239,3474 4414,3502 4414,3284 4253,3312 4154,3263 4077,3305 3818,3263 3558,3312 3516,3270 3067,3242"/>
                <Baseline points="3105,3415 3171,3411 3237,3412 3303,3415 3370,3415 3436,3415 3502,3412 3568,3409 3635,3409 3701,3409 3767,3409 3833,3409 3900,3409 3966,3409 4032,3409 4098,3409 4165,3409 4231,3412 4297,3415 4363,3415 4430,3415"/>
                <TextEquiv>
                    <Unicode>CONCORS MELODIA</Unicode>
                </TextEquiv>
            </TextLine>
            <TextLine id="tr_1_tl_17" custom="readingOrder {index:16;}">
                <Coords points="3453,3677 3509,3684 3586,3635 3691,3684 3761,3656 3803,3691 3846,3691 3881,3656 3930,3691 4042,3677 4035,3467 3972,3460 3937,3488 3832,3446 3796,3467 3698,3432 3628,3467 3579,3460 3537,3495 3446,3495"/>
                <Baseline points="3493,3618 3521,3616 3549,3614 3578,3612 3606,3612 3634,3612 3663,3612 3691,3612 3719,3612 3748,3612 3776,3612 3804,3612 3833,3612 3861,3613 3889,3615 3918,3616 3946,3618 3974,3618 4003,3618 4031,3618 4060,3618"/>
                <TextEquiv>
                    <Unicode>JUNXII</Unicode>
                </TextEquiv>
            </TextLine>
            <TextLine id="tr_1_tl_18" custom="readingOrder {index:17;}">
                <Coords points="3018,3860 4161,3874 4316,3832 4484,3874 4484,3684 3425,3691 3368,3649 3249,3691 3200,3642 3018,3649"/>
                <Baseline points="3057,3821 3132,3811 3208,3809 3284,3809 3359,3809 3435,3809 3511,3809 3587,3809 3662,3804 3738,3807 3814,3809 3890,3809 3965,3809 4041,3809 4117,3809 4193,3809 4268,3809 4344,3811 4420,3818 4496,3827"/>
                <TextEquiv>
                    <Unicode>MORTUOS CORPORIS,</Unicode>
                </TextEquiv>
            </TextLine>
            <TextLine id="tr_1_tl_19" custom="readingOrder {index:18;}">
                <Coords points="3046,4105 3277,4084 3326,4035 3656,4084 3712,4056 3754,4098 4056,4049 4456,4105 4456,3832 4281,3881 3046,3867"/>
                <Baseline points="3087,4012 3156,4010 3225,4006 3294,4006 3364,4006 3433,4006 3502,4006 3571,4006 3641,4006 3710,4006 3779,4006 3848,4006 3918,4006 3987,4006 4056,4006 4125,4005 4195,4001 4264,4000 4333,4000 4402,4001 4472,4006"/>
                <TextEquiv>
                    <Unicode>DISCORS RESOLUTIO</Unicode>
                </TextEquiv>
            </TextLine>
            <TextLine id="tr_1_tl_20" custom="readingOrder {index:19;}">
                <Coords points="3263,4232 3453,4260 3600,4225 3811,4281 3902,4232 4084,4267 4246,4218 4246,4063 4168,4091 4056,4049 4014,4091 3916,4049 3754,4098 3516,4035 3396,4084 3326,4049 3263,4070"/>
                <Baseline points="3302,4215 3350,4211 3398,4209 3446,4209 3494,4207 3542,4203 3590,4203 3638,4203 3686,4203 3734,4203 3782,4203 3830,4203 3878,4203 3926,4203 3974,4203 4022,4203 4070,4203 4118,4203 4166,4203 4214,4206 4263,4209"/>
                <TextEquiv>
                    <Unicode>DISSOLVERET.</Unicode>
                </TextEquiv>
            </TextLine>
            <TextLine id="tr_1_tl_21" custom="readingOrder {index:20;}">
                <Coords points="3200,4491 3340,4505 3446,4442 3607,4477 3874,4414 4182,4533 4323,4519 4323,4210 4084,4267 3895,4232 3775,4281 3635,4239 3593,4274 3354,4260 3200,4189"/>
                <Baseline points="3236,4406 3291,4406 3346,4406 3401,4406 3457,4406 3512,4406 3567,4406 3622,4406 3678,4402 3733,4400 3788,4400 3843,4400 3899,4400 3954,4400 4009,4400 4064,4400 4120,4397 4175,4394 4230,4394 4285,4392 4341,4388"/>
                <TextEquiv>
                    <Unicode>HIC UNA CONDI</Unicode>
                </TextEquiv>
            </TextLine>
            <TextLine id="tr_1_tl_22" custom="readingOrder {index:21;}">
                <Coords points="3361,4653 3530,4660 3579,4618 3663,4674 3768,4646 3839,4709 4035,4618 4105,4618 4105,4477 4035,4456 3993,4477 3923,4435 3740,4449 3712,4428 3361,4470"/>
                <Baseline points="3397,4603 3433,4601 3469,4598 3506,4597 3542,4597 3579,4597 3615,4597 3652,4597 3688,4597 3725,4597 3761,4597 3797,4597 3834,4597 3870,4597 3907,4597 3943,4597 3980,4597 4016,4597 4053,4599 4089,4601 4126,4609"/>
                <TextEquiv>
                    <Unicode>FOLUERE.</Unicode>
                </TextEquiv>
            </TextLine>
            <TextLine id="tr_1_tl_23" custom="readingOrder {index:22;}">
                <Coords points="3305,4898 3460,4877 3593,4933 3705,4877 3825,4912 3965,4835 4049,4898 4154,4905 4154,4667 4070,4667 4028,4625 3825,4730 3586,4618 3523,4667 3481,4639 3305,4653"/>
                <Baseline points="3343,4806 3384,4806 3426,4806 3467,4805 3509,4802 3550,4800 3592,4800 3633,4800 3675,4803 3716,4805 3758,4804 3799,4801 3841,4800 3882,4800 3924,4800 3965,4800 4007,4800 4048,4800 4090,4800 4131,4800 4173,4800"/>
                <TextEquiv>
                    <Unicode>ANNO 1640.</Unicode>
                </TextEquiv>
            </TextLine>
            <TextLine id="tr_1_tl_24" custom="readingOrder {index:23;}">
                <Coords points="1039,5277 1130,5319 1228,5277 1551,5319 1796,5242 2014,5305 2653,5249 2835,5319 2898,5270 3165,5305 3319,5242 3389,5284 3586,5235 3860,5284 4337,5235 4386,5284 4933,5270 4989,5305 5249,5207 5382,5284 5572,5235 5839,5305 5937,5228 5993,5277 6218,5235 6288,5284 6414,5228 6554,5277 6554,4926 6498,4912 6435,4947 6351,4912 6035,5010 5789,4898 5670,4954 5228,4905 5081,5010 5010,5003 4779,5116 4730,5067 4660,5109 4526,5060 4400,5109 4077,4954 3937,4954 3867,4884 3663,4884 3572,4940 3488,4884 3396,4891 3088,4982 2982,4891 2905,4884 2681,5010 2505,4884 2407,4961 1909,4891 1684,4989 1551,4968 1411,5010 1039,4905"/>
                <Baseline points="1074,5224 1349,5214 1624,5212 1899,5212 2174,5218 2449,5212 2724,5218 2999,5212 3274,5212 3549,5212 3824,5214 4099,5212 4374,5209 4649,5207 4924,5207 5199,5201 5474,5197 5749,5195 6024,5195 6299,5189 6574,5212"/>
                <TextEquiv>
                    <Unicode>TOMMASO Bai, author of the Mifererewhich is fung in the Pope's chapel on Thursday in Passion weck,</Unicode>
                </TextEquiv>
            </TextLine>
            <TextLine id="tr_1_tl_25" custom="readingOrder {index:24;}">
                <Coords points="954,5446 1172,5495 1256,5439 1712,5460 1796,5425 2140,5509 2288,5439 2737,5509 2947,5425 3046,5474 3312,5432 3726,5509 4035,5432 4091,5488 4189,5446 4288,5516 4470,5432 4596,5495 4821,5446 4919,5509 4968,5481 5039,5516 5326,5432 5965,5474 6428,5460 6568,5403 6568,5277 6428,5235 6288,5284 6218,5235 6042,5291 5937,5228 5839,5298 5551,5242 5382,5291 5298,5249 5228,5298 5025,5270 4842,5312 4688,5270 4484,5305 4330,5249 4218,5305 3775,5256 3726,5305 3572,5326 3432,5263 3228,5319 3088,5263 2751,5312 2653,5249 2189,5340 1979,5270 1860,5305 1614,5270 1544,5319 1354,5319 1291,5277 954,5305"/>
                <Baseline points="991,5416 1270,5416 1550,5416 1830,5411 2110,5416 2389,5411 2669,5410 2949,5410 3229,5410 3508,5410 3788,5410 4068,5404 4348,5404 4627,5404 4907,5404 5187,5398 5467,5392 5746,5392 6026,5393 6306,5392 6586,5392"/>
                <TextEquiv>
                    <Unicode>was born at Crevalcore, near Bologna, about the middle of the last century, and died at Rome 1718. He</Unicode>
                </TextEquiv>
            </TextLine>
            <TextLine id="tr_1_tl_26" custom="readingOrder {index:25;}">
                <Coords points="961,5684 1207,5628 1509,5719 1642,5712 1712,5656 1951,5705 2000,5670 2218,5691 2302,5628 2554,5705 3018,5656 3312,5698 3453,5642 3579,5726 3712,5656 3782,5705 4056,5656 4288,5705 4386,5642 5095,5677 5214,5621 5368,5663 5410,5621 5825,5607 5972,5670 6267,5621 6407,5670 6582,5663 6582,5425 6533,5410 6330,5495 6196,5439 6112,5495 5923,5446 5789,5488 5656,5439 5572,5474 5319,5439 5214,5502 5039,5516 4856,5509 4800,5453 4589,5495 4407,5446 4281,5516 4189,5446 4091,5495 3965,5439 3846,5502 3621,5509 3495,5446 3446,5481 3340,5446 3039,5481 2947,5425 2849,5502 2737,5509 2267,5453 2140,5509 2056,5467 1895,5516 1733,5446 1635,5502 1474,5439 1305,5516 1228,5460 961,5509"/>
                <Baseline points="997,5613 1277,5615 1557,5613 1837,5613 2117,5607 2397,5607 2677,5607 2957,5607 3237,5607 3517,5607 3797,5607 4077,5601 4357,5601 4637,5601 4917,5601 5197,5595 5477,5595 5757,5591 6037,5589 6317,5583 6598,5595"/>
                <TextEquiv>
                    <Unicode>was Macftro di Capella of St. Peter's Church, and composed the Miserere in 1713. He is much commended</Unicode>
                </TextEquiv>
            </TextLine>
            <TextLine id="tr_1_tl_27" custom="readingOrder {index:26;}">
                <Coords points="940,5853 1018,5888 1130,5832 1354,5832 1481,5888 1740,5825 1923,5895 2239,5839 2337,5902 2512,5860 2842,5902 3067,5825 3193,5888 3389,5839 3495,5895 3740,5810 4098,5874 4302,5803 4407,5860 4646,5818 4772,5860 4863,5803 4989,5860 5116,5818 5179,5867 5361,5803 5523,5860 5860,5803 5930,5860 6070,5810 6175,5860 6330,5825 6554,5874 6554,5649 6267,5621 6028,5684 5874,5635 5684,5698 5586,5656 5495,5691 5403,5628 5319,5712 5214,5621 4975,5698 4835,5642 4568,5649 4526,5691 4386,5642 4260,5712 4196,5663 4119,5705 3986,5663 3909,5712 3705,5656 3579,5719 3418,5656 3319,5698 2933,5698 2814,5628 2632,5705 2295,5628 2218,5691 1867,5719 1719,5656 1642,5712 1509,5719 1207,5628 940,5712"/>
                <Baseline points="979,5810 1258,5812 1538,5810 1818,5805 2098,5810 2377,5810 2657,5806 2937,5808 3217,5810 3496,5804 3776,5804 4056,5798 4336,5798 4615,5798 4895,5798 5175,5792 5455,5786 5734,5792 6014,5788 6294,5786 6574,5798"/>
                <TextEquiv>
                    <Unicode>for his attention to prosody, or the accentuation of words, in which his notation is generally so exact,</Unicode>
                </TextEquiv>
            </TextLine>
            <TextLine id="tr_1_tl_28" custom="readingOrder {index:27;}">
                <Coords points="961,6063 1193,6098 1361,6042 1495,6084 1537,6049 1768,6112 1888,6049 2007,6049 2070,6098 2161,6035 2351,6084 2596,6021 2863,6105 2989,6035 3193,6070 3277,6028 3425,6084 3530,6049 3579,6091 3789,6028 4007,6098 4267,6014 4484,6056 4807,6014 5067,6105 5347,6014 5467,6063 5705,6014 6063,6042 6168,6000 6281,6063 6568,6028 6568,5860 6210,5860 6070,5803 5825,5909 5698,5839 5523,5860 5375,5803 4884,5895 4842,5846 4716,5867 4660,5818 4428,5860 4365,5832 4189,5909 4042,5846 3860,5874 3796,5825 3411,5902 3270,5860 3158,5888 3102,5839 2912,5853 2842,5902 2660,5860 2344,5902 2253,5853 2098,5909 1867,5867 1705,5909 1565,5867 1432,5916 1298,5867 961,5867"/>
                <Baseline points="1003,6007 1282,6007 1561,6007 1840,6001 2119,6001 2398,6007 2677,6001 2957,6001 3236,6001 3515,6001 3794,6001 4073,6001 4352,5989 4631,5995 4911,5989 5190,5987 5469,5989 5748,5987 6027,5984 6306,5978 6586,5983"/>
                <TextEquiv>
                    <Unicode>that tlie proportion of long and short syllables is as strictly preserved, in singing this psalm, as it could be</Unicode>
                </TextEquiv>
            </TextLine>
            <TextLine id="tr_1_tl_29" custom="readingOrder {index:28;}">
                <Coords points="961,6232 1474,6309 1796,6210 1888,6281 2098,6218 2225,6267 2372,6274 2477,6225 2681,6274 2779,6218 3116,6281 3361,6239 3432,6274 3958,6260 4000,6295 4225,6274 4316,6210 4554,6267 4814,6210 4982,6274 5088,6218 5284,6246 5389,6203 5537,6253 5930,6196 6000,6239 6049,6196 6302,6260 6337,6225 6568,6225 6568,6028 6533,6021 6288,6063 6140,6014 6042,6070 5944,6014 5467,6063 5326,6014 5095,6098 4779,6007 4519,6077 4435,6028 4168,6021 3944,6098 3832,6035 3572,6091 3530,6049 3418,6091 3277,6035 3039,6091 2947,6049 2891,6098 2653,6098 2470,6035 2084,6119 2000,6056 1881,6063 1811,6119 1361,6035 1137,6126 1053,6070 961,6077"/>
                <Baseline points="997,6204 1276,6210 1555,6210 1835,6204 2114,6198 2394,6198 2673,6198 2953,6198 3232,6198 3512,6198 3791,6198 4070,6198 4350,6192 4629,6192 4909,6186 5188,6180 5468,6180 5747,6180 6027,6180 6306,6180 6586,6174"/>
                <TextEquiv>
                    <Unicode>in reading it. This composition took place of one by Alessandro Scarlatti, which used to be sung on</Unicode>
                </TextEquiv>
            </TextLine>
            <TextLine id="tr_1_tl_30" custom="readingOrder {index:29;}">
                <Coords points="961,6442 1418,6491 1516,6456 1712,6477 1839,6421 2112,6512 2260,6491 2323,6428 2477,6421 2702,6484 2968,6414 3109,6414 3256,6484 3586,6414 3712,6470 3846,6414 3993,6442 4049,6400 4105,6435 4260,6407 4337,6456 4456,6428 4512,6477 4793,6421 5081,6463 5193,6407 5382,6484 5628,6414 5754,6470 5832,6421 6232,6463 6568,6428 6568,6239 6337,6232 6295,6267 6133,6203 5993,6239 5944,6196 5698,6267 5586,6225 5319,6288 5200,6225 4982,6274 4877,6225 4779,6274 4723,6232 4660,6281 4386,6210 4196,6302 3642,6260 3558,6295 3361,6239 3158,6295 2849,6232 2744,6302 2526,6239 2351,6309 2203,6309 2014,6232 1902,6295 1740,6246 1656,6295 1572,6253 1474,6309 1249,6246 1186,6288 1116,6232 961,6253"/>
                <Baseline points="997,6413 1276,6409 1555,6402 1835,6401 2114,6395 2394,6395 2673,6395 2953,6395 3232,6398 3512,6395 3791,6395 4070,6389 4350,6389 4629,6389 4909,6383 5188,6383 5468,6383 5747,6383 6027,6377 6306,6377 6586,6371"/>
                <TextEquiv>
                    <Unicode>ihe same day, and is remarkable for being the only new musical production that has had the honour of</Unicode>
                </TextEquiv>
            </TextLine>
            <TextLine id="tr_1_tl_31" custom="readingOrder {index:30;}">
                <Coords points="961,6702 1144,6744 1361,6688 1607,6758 1902,6632 1993,6688 2084,6639 2218,6695 2288,6667 2568,6730 2800,6674 2933,6695 3018,6765 3235,6716 3544,6716 3684,6765 3811,6688 4070,6695 4175,6646 4379,6744 4533,6681 4723,6709 4912,6618 5382,6646 5382,6449 5200,6407 4596,6442 4463,6505 4393,6442 4225,6421 4063,6421 4007,6463 3747,6442 3684,6505 3523,6428 3263,6498 3130,6414 3018,6456 2933,6421 2758,6491 2589,6435 2323,6428 2253,6491 2182,6463 2063,6519 1860,6463 1740,6498 1516,6456 1284,6505 961,6442"/>
                <Baseline points="997,6616 1217,6610 1437,6605 1657,6604 1877,6598 2097,6598 2317,6598 2537,6598 2757,6598 2977,6604 3197,6604 3417,6599 3637,6602 3857,6593 4077,6592 4297,6598 4517,6592 4737,6588 4957,6586 5177,6586 5398,6592"/>
                <TextEquiv>
                    <Unicode>being admitted into the service of the Pope's Chapel, during the present century.</Unicode>
                </TextEquiv>
            </TextLine>
            <TextLine id="tr_1_tl_32" custom="readingOrder {index:31;}">
                <Coords points="1081,7046 1453,7109 1551,7060 1811,7102 1888,7053 2014,7088 2161,7039 2295,7039 2393,7095 2477,7032 2625,7095 2800,7053 2947,7109 3025,7046 3200,7088 3256,7032 3305,7081 3579,7046 3888,7088 3958,7053 4253,7074 4344,7032 4582,7102 4863,7025 5010,7102 5151,7025 5326,7081 5502,7081 5621,7018 5881,7067 6000,7010 6196,7067 6302,7018 6568,7025 6568,6835 6400,6772 6084,6821 5867,6779 5818,6821 5509,6856 5074,6800 4982,6863 4835,6814 4568,6828 4456,6772 4344,6800 4281,6765 4140,6842 3839,6779 3354,6912 3249,6849 3130,6863 3011,6786 2730,6884 2218,6786 1670,6933 1488,6849 1319,6905 1242,6856 1081,6849"/>
                <Baseline points="1122,7022 1395,7016 1668,7022 1941,7022 2214,7016 2488,7016 2761,7012 3034,7014 3307,7016 3580,7016 3854,7007 4127,7010 4400,7004 4673,7004 4946,7004 5220,6999 5493,7003 5766,6993 6039,6993 6312,6998 6586,6998"/>
                <TextEquiv>
                    <Unicode>SOMETHINO has alrcady been said of the manner of performing the famous Miserere of Alegri, in</Unicode>
                </TextEquiv>
            </TextLine>
            <TextLine id="tr_1_tl_33" custom="readingOrder {index:32;}">
                <Coords points="961,7326 1081,7319 1179,7249 1396,7298 1488,7242 1733,7319 1789,7277 1916,7291 1972,7235 2028,7277 2147,7249 2253,7319 2477,7228 2618,7228 2765,7291 3046,7284 3172,7228 3256,7284 3439,7291 3628,7242 3719,7312 3853,7277 3958,7312 4196,7235 4414,7284 4456,7256 4512,7298 4596,7228 4828,7214 5270,7277 5389,7207 5579,7263 5747,7214 5944,7256 6007,7207 6105,7277 6274,7193 6582,7214 6582,7025 6519,7018 6330,7018 6161,7088 5586,7032 5032,7109 4842,7025 4519,7109 3958,7046 3867,7109 3761,7046 3530,7137 3263,7039 3193,7095 3144,7053 2933,7102 2793,7046 2695,7095 2463,7046 2337,7109 2021,7102 1937,7053 1803,7109 1663,7053 1586,7102 1319,7116 961,7003"/>
                <Baseline points="997,7213 1277,7223 1557,7219 1837,7219 2117,7213 2397,7207 2677,7207 2957,7207 3237,7207 3517,7207 3797,7207 4077,7201 4357,7201 4637,7201 4917,7201 5197,7201 5477,7195 5757,7191 6037,7189 6317,7183 6598,7195"/>
                <TextEquiv>
                    <Unicode>Tbe prefent Stale of Mfic in France and Itaty, as well as of the fingers in the papal chapel: and it will be</Unicode>
                </TextEquiv>
            </TextLine>
            <TextLine id="tr_1_tl_34" custom="readingOrder {index:33;}">
                <Coords points="968,7509 1102,7446 1172,7481 1228,7446 1684,7481 1768,7417 2147,7460 2218,7509 2702,7417 2884,7467 3193,7439 3305,7495 3368,7453 3544,7453 3740,7509 3958,7432 4056,7481 4112,7432 4281,7474 4407,7417 4618,7460 4779,7410 4996,7474 5263,7453 5354,7403 5607,7460 5712,7403 6056,7439 6582,7410 6582,7291 6470,7256 6351,7277 6203,7228 6056,7284 5740,7207 5495,7284 5410,7284 5347,7221 5263,7291 4982,7221 4674,7221 4505,7291 4189,7235 4140,7277 4035,7256 3972,7312 3860,7277 3719,7312 3621,7242 3502,7291 3263,7291 3172,7221 2828,7312 2477,7228 2225,7326 2049,7270 1635,7312 1530,7242 1354,7319 1179,7256 1074,7319 968,7319"/>
                <Baseline points="1009,7416 1288,7416 1567,7411 1847,7416 2126,7410 2406,7404 2685,7404 2965,7401 3244,7407 3524,7404 3803,7404 4082,7404 4362,7398 4641,7398 4921,7398 5200,7392 5480,7392 5759,7392 6039,7386 6318,7381 6598,7392"/>
                <TextEquiv>
                    <Unicode>casy to, judge of their abilities to do justice to every composition in that service, from the account</Unicode>
                </TextEquiv>
            </TextLine>
            <TextLine id="tr_1_tl_35" custom="readingOrder {index:34;}">
                <Coords points="968,7670 1165,7691 1340,7635 1396,7684 1607,7698 1747,7656 1860,7719 1958,7656 2042,7705 2232,7698 2484,7621 2660,7656 2821,7607 2926,7663 3403,7621 3516,7691 3761,7621 3881,7684 3923,7649 4077,7677 4154,7621 4288,7621 4386,7677 4470,7628 4709,7663 4793,7614 5193,7649 5326,7607 5396,7642 5481,7614 5635,7684 5761,7614 5881,7649 6519,7614 6519,7425 6295,7410 5761,7410 5684,7467 5333,7410 5053,7474 4407,7425 4295,7474 4161,7446 4049,7509 3937,7446 3740,7509 3551,7481 3467,7523 3242,7453 3130,7509 3032,7425 2891,7509 2716,7417 2154,7509 1768,7417 1698,7488 1488,7516 1284,7446 1179,7481 1102,7446 968,7509"/>
                <Baseline points="1009,7631 1285,7613 1561,7610 1838,7607 2114,7607 2391,7601 2667,7601 2944,7601 3220,7601 3497,7601 3773,7601 4049,7600 4326,7595 4602,7599 4879,7589 5155,7589 5432,7589 5708,7585 5985,7589 6261,7578 6538,7595"/>
                <TextEquiv>
                    <Unicode>given by Angellini Bontempi of their education and method of study. “ The disciples of tlie Roman school,</Unicode>
                </TextEquiv>
            </TextLine>
            <TextLine id="tr_1_tl_36" custom="readingOrder {index:35;}">
                <Coords points="954,7874 1186,7902 1249,7867 1354,7916 1558,7846 1782,7895 1993,7832 2098,7895 2253,7817 2442,7895 2575,7881 2667,7817 2849,7817 2961,7867 3130,7825 3298,7881 3572,7867 3635,7825 3803,7874 3916,7832 3979,7867 4456,7860 4540,7817 4800,7860 5165,7846 5249,7803 5319,7846 5495,7817 5656,7860 5909,7810 6077,7867 6147,7817 6351,7853 6533,7803 6540,7635 5881,7649 5803,7614 5635,7684 5481,7621 5242,7621 5172,7670 4793,7614 4709,7663 4470,7628 4386,7677 4154,7621 4077,7677 3923,7649 3768,7684 3684,7642 3516,7691 3382,7621 3032,7719 2842,7670 2772,7705 2674,7642 2512,7628 2021,7719 1944,7684 1846,7719 1747,7656 1453,7712 1347,7656 1242,7712 961,7677"/>
                <Baseline points="991,7810 1269,7810 1547,7810 1825,7803 2104,7798 2382,7798 2660,7795 2938,7798 3217,7798 3495,7798 3773,7792 4051,7792 4330,7792 4608,7786 4886,7790 5164,7789 5443,7786 5721,7780 5999,7780 6277,7775 6556,7774"/>
                <TextEquiv>
                    <Unicode>says. this author, were obliged to excercise themselves in difficult intonations an hour every day, in order</Unicode>
                </TextEquiv>
            </TextLine>
            <TextLine id="tr_1_tl_37" custom="readingOrder {index:36;}">
                <Coords points="975,8000 1102,8014 1179,8084 1691,8049 1874,8098 1979,8035 2049,8084 2161,8028 3011,8028 3053,8070 3333,8021 3446,8070 3530,8035 3628,8091 3853,8028 4056,8070 4126,8042 4218,8091 4309,8028 4421,8070 4477,8028 4618,8063 4758,8014 5389,8056 5895,8014 5958,8063 6140,8000 6554,8028 6554,7810 6512,7803 6351,7860 6274,7810 6098,7853 5965,7810 5726,7874 5593,7825 5425,7853 5256,7810 4793,7867 4632,7817 3811,7874 3712,7839 3537,7909 3186,7867 3137,7825 2954,7923 2688,7846 2505,7895 2316,7853 2211,7909 1993,7832 1853,7839 1761,7916 1572,7846 1495,7909 1418,7874 1361,7923 1319,7888 1249,7923 975,7881"/>
                <Baseline points="1015,7971 1307,8003 1600,8007 1892,8007 2185,8001 2477,7999 2770,7999 3063,8001 3355,8001 3648,8001 3940,7995 4233,7995 4525,7989 4818,7989 5111,7989 5403,7989 5696,7983 5988,7980 6281,7978 6574,7995"/>
                <TextEquiv>
                    <Unicode>* to acquire a facility of execution, another was spent in the practice of ſhakes; another in ſwift paſſages;</Unicode>
                </TextEquiv>
            </TextLine>
            <TextLine id="tr_1_tl_38" custom="readingOrder {index:37;}">
                <Coords points="961,8232 1312,8288 1509,8232 1600,8288 1775,8253 2119,8288 2344,8217 2611,8217 2947,8295 3039,8239 3214,8267 3263,8225 3558,8246 3649,8210 3740,8267 4365,8210 4484,8274 4814,8217 5053,8267 5172,8203 5326,8267 5453,8260 5530,8203 5930,8196 6035,8253 6189,8217 6337,8260 6547,8217 6547,8028 6456,8007 6372,8042 6210,8021 6056,8084 5888,8014 5396,8056 5032,8014 4898,8063 4779,8021 4610,8063 4470,8035 4414,8077 4302,8028 4210,8091 4119,8042 4049,8070 3881,8028 3825,8077 3754,8049 3600,8105 3516,8035 3284,8098 3200,8028 3123,8028 2933,8119 2793,8084 2639,8119 2372,8021 2147,8028 2070,8084 1958,8035 1867,8098 1811,8056 1607,8049 1446,8119 1340,8056 961,8070"/>
                <Baseline points="997,8168 1275,8204 1553,8204 1831,8204 2110,8198 2388,8198 2666,8198 2944,8204 3223,8198 3501,8198 3779,8198 4057,8192 4336,8186 4614,8186 4892,8189 5170,8186 5449,8186 5727,8180 6005,8180 6283,8180 6562,8186"/>
                <TextEquiv>
                    <Unicode>et another in the study of literature, and another in taste and expression, in the presence of the master,</Unicode>
                </TextEquiv>
            </TextLine>
            <TextLine id="tr_1_tl_39" custom="readingOrder {index:38;}">
                <Coords points="968,8428 1144,8400 1305,8463 1354,8428 1446,8498 1593,8512 1733,8428 1930,8477 2105,8428 2232,8477 2309,8435 2442,8505 2884,8421 2982,8498 3046,8456 3095,8498 3453,8428 3691,8477 3775,8442 3965,8477 4021,8435 4203,8463 4260,8407 4400,8414 4470,8477 4582,8421 4786,8470 4912,8407 5025,8477 5109,8428 5403,8449 5488,8400 5565,8456 5670,8407 5796,8442 5853,8400 5958,8449 6091,8414 6253,8449 6309,8400 6547,8393 6554,8225 6316,8253 6168,8210 6042,8260 5867,8203 5691,8239 5537,8210 5460,8260 5326,8260 5151,8210 5053,8260 4821,8210 4547,8232 4456,8281 4386,8246 4323,8288 4084,8210 3853,8309 3628,8232 3165,8281 3081,8246 2975,8309 2737,8239 2351,8225 2035,8316 1867,8246 1691,8309 1551,8246 1460,8316 1046,8217 975,8239"/>
                <Baseline points="1009,8371 1286,8402 1564,8407 1841,8401 2119,8401 2397,8398 2674,8401 2952,8401 3230,8401 3507,8401 3785,8395 4063,8389 4340,8389 4618,8389 4896,8389 5173,8389 5451,8383 5729,8377 6006,8377 6284,8377 6562,8377"/>
                <TextEquiv>
                    <Unicode>who obliged them to sing before a mirror, in order to avoid every kind of grimace, or improper motion</Unicode>
                </TextEquiv>
            </TextLine>
            <TextLine id="tr_1_tl_40" custom="readingOrder {index:39;}">
                <Coords points="961,8625 1053,8603 1179,8667 1284,8632 1418,8681 1537,8625 1825,8681 2225,8632 2477,8695 2596,8632 2723,8674 2933,8617 3003,8681 3109,8617 3235,8646 3284,8610 3333,8646 3832,8639 4014,8688 4133,8610 4386,8667 4533,8589 4681,8639 4835,8603 4877,8646 4954,8603 5172,8603 5249,8660 5382,8617 5481,8660 5712,8646 5803,8603 6232,8667 6358,8610 6547,8625 6547,8421 6358,8400 6147,8442 6105,8414 5860,8498 5726,8414 5565,8449 5488,8400 5403,8449 5270,8407 4940,8498 4828,8435 4744,8477 4589,8421 4477,8470 4421,8421 4021,8435 3965,8477 3775,8442 3656,8512 3453,8428 3095,8498 3046,8456 2982,8498 2891,8435 2723,8442 2498,8512 2386,8456 2253,8498 2133,8428 1951,8484 1881,8435 1832,8463 1733,8428 1593,8512 1453,8498 1375,8435 1179,8498 1074,8456 961,8484"/>
                <Baseline points="1003,8568 1281,8599 1559,8604 1837,8604 2116,8601 2394,8598 2672,8598 2950,8598 3229,8598 3507,8592 3785,8592 4063,8592 4342,8592 4620,8586 4898,8586 5176,8580 5455,8580 5733,8580 6011,8575 6289,8574 6568,8574"/>
                <TextEquiv>
                    <Unicode>* of the muscles, either by furrowing the forchead, knitting the brows, or distorting the mouth: and</Unicode>
                </TextEquiv>
            </TextLine>
            <TextLine id="tr_1_tl_41" custom="readingOrder {index:40;}">
                <Coords points="961,8800 1179,8849 1242,8821 1326,8891 1467,8884 1628,8800 1768,8856 2049,8821 2232,8884 2337,8821 2428,8884 2582,8898 2891,8814 3074,8814 3130,8856 3825,8814 3937,8870 4056,8814 4414,8863 4463,8814 5158,8828 5249,8793 5361,8849 5881,8814 6035,8877 6091,8828 6575,8793 6575,8639 6379,8610 6232,8674 6070,8617 5761,8617 5635,8667 5039,8596 4842,8674 4758,8617 4582,8603 4232,8695 4091,8632 4021,8681 3811,8632 3684,8681 3361,8617 2947,8709 2723,8709 2589,8646 2533,8695 2407,8653 1881,8646 1782,8702 1628,8709 1516,8674 1481,8709 1284,8632 1179,8688 1116,8639 961,8667"/>
                <Baseline points="1003,8759 1282,8795 1561,8795 1841,8795 2120,8795 2400,8801 2679,8797 2959,8795 3238,8795 3518,8795 3797,8795 4076,8789 4356,8786 4635,8783 4915,8783 5194,8777 5474,8777 5753,8771 6033,8777 6312,8771 6592,8777"/>
                <TextEquiv>
                    <Unicode>te all these were but the employments of the morning. In the afternoon, half an hour was spent in the</Unicode>
                </TextEquiv>
            </TextLine>
            <TextLine id="tr_1_tl_42" custom="readingOrder {index:41;}">
                <Coords points="968,8996 1207,9017 1404,9137 1453,9095 1670,9137 1811,9053 2000,9137 2133,9102 2196,9137 2344,9017 2449,9017 2561,9095 2772,9039 2842,9095 3242,9067 3558,9144 3691,9046 3979,9123 4512,9081 4589,9017 4765,9010 5200,9137 5375,9109 5516,9025 5712,9060 5810,9144 6007,9088 6105,9130 6232,9109 6316,9165 6400,9130 6575,9158 6575,8793 6035,8877 5888,8821 5705,8821 5649,8863 5509,8807 5453,8849 5067,8807 4954,8884 4835,8814 4589,8842 4456,8807 4260,8877 4063,8821 3916,8877 3853,8828 3642,8814 3488,8877 3418,8828 3123,8849 3053,8814 2856,8891 2625,8912 2540,8863 2463,8912 2337,8835 2253,8898 2049,8835 1846,8891 1705,8814 1544,8898 1298,8905 1144,8821 968,8828"/>
                <Baseline points="1009,8962 1288,8992 1567,8998 1846,8998 2125,8998 2404,8998 2683,8998 2963,8993 3242,8992 3521,8998 3800,8997 4079,8992 4358,8996 4637,8986 4917,8980 5196,8974 5475,8979 5754,8968 6033,8968 6312,8967 6592,8962"/>
                <TextEquiv>
                    <Unicode>"theory of sound; another in counterpoint, upon a plain song, an hour in receiving rules of compolition</Unicode>
                </TextEquiv>
            </TextLine>
            <TextEquiv>
                <Unicode></Unicode>
            </TextEquiv>
        </TextRegion>
    </Page>
</PcGts>
