8333 11258
5398 183 5623 521 .
1612 394 7242 830 a fron the matter, and putting them in practice upon paper; ancther in the ſtudy of literature, and the
1590 704 7235 1042 « rest of the day in practifing the harpfichord, in composing a plalm, an anthem, a song, or in some
1590 894 7249 1210 ae pther kind of writing, fuitable to the genius of the ſcholar: and thefe were the common excrcifes on
1598 1105 7220 1457 a thof davs, when the Itudents were not allowed to quit the college: but when they were permitted to
1583 1288 7213 1612 a go out, they frequently went to ſing at the echo, without the Porla AAngelica, near Moune Marits, where,
1576 1492 7213 1823 «e by liltening to the anfwers, they could judge of tlieir own defects; at other times they were either eni-
1590 1682 7220 2020 « ployed in finging at the mufical performances in the churches of Rome, ar, at leaft, were allowed to
1605 1865 7235 2210 « go thither to hear the many great profeffors who Hourifhed in the pontificate of Urban VIII." At
1612 2076 7220 2414 si their return to college, they employed the rest of their time in practifing after these models, and in
1605 2280 7213 2625 e givina realons to the maſter for what they did, wlio, in his turn, uſed to read lectures upon the moſt
1598 2541 4427 2871 refined and ufeful mysteries of the musical art f.
1752 2787 7235 3209 Ex on this teftimony, and from that of many other writers on tie ſubject, it appears that harmony
1612 3089 7249 3441 approached the neareſt to perfection in the Pope's Chapel : for there, as no defects were covered by
1598 3301 7228 3624 artificial tones, so no refinements were hidden or corrupted; and those minute occasional temperaments,
1605 3491 7213 3828 for which the language of found has no characters, and. which the flexibility of voices alone can ex¬
1612 3681 7220 4025 prels, were not disturbed by inſtruments, whoſe tones are unalterably fixed. Gravity of ſtile in the com¬
1612 3871 7242 4237 poſer, and decorum and ſimplicity in the performer, were there equally adhered to and rewarded, as no
1619 4075 7242 4405 opportunities were ever given for vanity and folly to aim at applaufe by an improper display of talents,
1633 4265 7235 4603 which, however captivating in a theatre, are but ill suited to the sublime subjects os sacred song In the
1605 4462 7270 4814 nerformance of music in parts, among which the melody is equally distributed, the sole ambition of
1626 4666 7256 5004 individuals, fhould be the fucceſs of the cobole : the powerful ſhould conform to the feeble, tlie ſwift to
1619 4863 7242 5208 the dluggilh: and however multiform the parts, the aggregate ſhould differ from a seeming identity
1619 5060 7263 5391 little more than the harmonics differ from a fingle found, or the prifmatic colours from a fingle ray of
1612 5264 7263 5616 light, out of which they arise, and which, together, constitute anity. Ariftotle debined friendſhip to be
1619 5475 7002 5834 one foul in two bodies; and a chorus lhould feem to be many founds procceding from one organ.
2899 5855 5229 6123 Urban VIII. reigned from the year 124 t0 1544.
2822 6073 4786 6383 + Historia Musica, Perugia 1695, p. 170.
