1985 3003
273 1153 1681 1282 1. La Chasse du Jeune-Henri (ouverture) E.N. MÉHUL.
273 1259 1374 1366 2. Intermezzo pour instruments à cordes (extrait
441 1337 1176 1403 de l'opéra UNE NOCE AU VILLAGE).
1382 1332 1803 1419 JULIETTE FolvILLE.
273 1410 921 1486 3. Fantaisie sur deux airs
937 1410 1362 1491 populaires angevins
452 1475 1355 1527 A la tombée du soir, les couples enlaces bondissent et tourbil¬
402 1507 1359 1557 lonnenl : c’est le bal de l’ASSEMBLÈE, et la danse s'accélère aux cris
402 1543 1360 1585 joyeux des gars, aux rires éperdus des filles rouges de plaisir, ce pendant
404 1582 1360 1637 qu'éclate, dominant la fête et sa folie, la voix souveraine de l'éternel
407 1603 523 1640 Amour.
469 1610 1355 1677 Vers la plaine, où l’ombre s'approfondit, paisible et mystérieuse,
404 1644 827 1695 l'Amant a entrainé l'Amante.
886 1661 1362 1704 Il résiste à la voix aimée, qui lui
404 1693 1359 1736 demande de retourner à la danse, et, rieuse, par les champs silencieux
406 1723 1360 1780 va répétant les rondes toujours plus lointaines : il sait implorer et dire
406 1748 577 1793 sa tendresse.
466 1762 1360 1828 Dans le décor d’une nuit lumineuse, étoilée et pleine du parfum de
402 1784 1353 1849 la terre endormie, la scène amoureuse déroule sa passion grandissante.
402 1835 1362 1904 Et les amants s'éloignent au frais murmure de la rivière qu’argente le
404 1862 602 1918 clair de lune.
1378 1396 1608 1495 G. LEKEU
275 1936 1210 2016 4. Symphonie en Fa (1re partie).
1364 1925 1626 2021 PH. RÜTER.
824 2000 1254 2087 DEUXIÈME PARTIE
880 2065 1199 2140 (Auteurs français).
267 2115 912 2211 5. Le Cid (ouverture)..
1279 2136 1665 2225 J. MASSENET.
267 2211 1569 2313 6. Roma (Andante-molto de la suite de concert). G. Bizet.
269 2292 1690 2400 7. Espana (rapsodie) EM. CHABRIER.
266 2404 1642 2503 8. Benvenuto Cellini (ouverture de l'opéra) H. BERLIOZ.
221 2469 299 2515 -
