1971 3003
226 1301 1715 1383 1. Concert-Openingstuk n° 1... L. HINDERYCKX.
228 1381 1674 1466 2. Feestmarsch JULES SCHREY.
232 1490 1694 1561 3. Mellusina (brokken uit het lyrisch drama). EM. WAMBACH.
336 1555 853 1622 a). Tusschenspel (liefdezang).
337 1602 651 1661 b). Dwergendans.
337 1650 640 1722 c). Bruiloftszang.
234 1709 1587 1830 4. Fantazie op Canada volkswijzen  P. GILSON.
821 1859 1157 1952 TWEEDE DEEL
239 1954 1694 2069 5. Hamlet (openingstuk van het zangspel). AL. STADTFELD.
237 2065 1042 2147 6. Boertige optocht
1107 2067 1717 2156 L. MORTELMANS.
243 2134 1679 2260 7. Fantazie op volkswijzen....... CH. HANSSENS.
234 2243 847 2330 8. Charlotte Corday
363 2299 1683 2399 (ulpeningstuk van het lyrisch drama)... PETER BENOIT.
