1921 3016
230 1181 1031 1293 I. Le Château Trompette
401 1263 1663 1365 (opingstuk van het zangspel).... F. A. GassAERT.
224 1335 1587 1432 2. Petite Duchesse (madrigaal)... EM. GILLET.
222 1454 1599 1540 3. Der lustige Figaro (luimige fantazij). J. V. HAMM.
220 1521 908 1639 4. Feestmarsch
919 1530 1610 1644 JUL. SCHREY.
803 1678 1145 1773 TWEEDE DEEL
216 1745 1739 1865 5. Coriolan (openingstuk voor het treurspel). L. VAN BEETHOVEN
216 1853 1635 1944 6. Wals FRED. CHOPIN.
218 1944 1572 2064 7. Capricio (Jota Aragonesa) IW. Glinka.
218 2026 1644 2153 8. Mellusina (inleiding) EM. WAMBACH.
224 2134 1652 2216 9. Lohengrin (bruiloftsmarsch)..... RICH. WAGNER.
