<?xml version="1.0" encoding="UTF-8" standalone="yes"?>
<PcGts xmlns="http://schema.primaresearch.org/PAGE/gts/pagecontent/2013-07-15" xmlns:xsi="http://www.w3.org/2001/XMLSchema-instance" xsi:schemaLocation="http://schema.primaresearch.org/PAGE/gts/pagecontent/2013-07-15 http://schema.primaresearch.org/PAGE/gts/pagecontent/2013-07-15/pagecontent.xsd">
    <Metadata>
        <Creator>prov=READ-COOP:name=TrHtr:version=2.7.0:model_id=51170:date=20_11_2023_10:36</Creator>
        <Created>2023-11-13T18:51:47.284022</Created>
        <LastChange>2023-11-20T10:36:54.798+01:00</LastChange>
        <TranskribusMetadata docId="1599536" pageId="60352301" pageNr="19" tsid="140174849" status="IN_PROGRESS" userId="131016" imgUrl="https://files.transkribus.eu/Get?id=LZJXWACUARMGTWNTGWAKBGEG&amp;fileType=view" xmlUrl="https://files.transkribus.eu/Get?id=NXSWKDMAZEHDSUDYJVFXYCIJ" imageId="48736459"/>
    </Metadata>
    <Page imageFilename="0019_kca-srdda-cpr1897-030901108859-tx-00019.jpg" imageWidth="1971" imageHeight="2994">
        <TableRegion id="t1" custom="readingOrder {index:0;}">
            <Coords points="262,1225 162,2264 1743,2264 1782,1236"/>
            <TableCell row="0" col="0" colSpan="1" orientation="0.0" id="t1c1">
                <Coords points="262,1225 247,1375 1350,1378 1351,1233"/>
                <TextLine id="t1c1_tl_1" custom="readingOrder {index:0;}">
                    <Coords points="251,1289 417,1281 467,1308 493,1287 704,1287 758,1306 799,1283 972,1321 1047,1289 1045,1229 1024,1223 974,1248 769,1225 694,1250 647,1218 514,1244 458,1206 390,1246 250,1238"/>
                    <Baseline points="262,1276 292,1276 322,1276 352,1276 382,1276 412,1276 442,1276 472,1278 502,1278 532,1278 562,1280 592,1280 622,1280 652,1280 682,1282 712,1280 742,1282 772,1282 802,1282 832,1282 862,1284 892,1282 922,1282 952,1284 982,1284 1012,1282 1042,1282 1050,1284"/>
                    <TextEquiv>
                        <Unicode>I. Le Château Trompette</Unicode>
                    </TextEquiv>
                </TextLine>
                <TextLine id="t1c1_tl_2" custom="readingOrder {index:1;}">
                    <Coords points="433,1381 1689,1381 1687,1325 1415,1300 1143,1343 797,1287 717,1323 432,1291"/>
                    <Baseline points="444,1340 472,1344 502,1346 532,1346 562,1346 592,1344 622,1346 652,1348 682,1348 712,1348 742,1348 772,1348 802,1350 832,1350 862,1350 892,1352 922,1352 952,1348 982,1352 1012,1354 1042,1352 1072,1356 1102,1356 1132,1356 1162,1358 1192,1358 1222,1358 1252,1358 1282,1356 1312,1358 1342,1358 1372,1358 1402,1360 1432,1360 1462,1362 1492,1360 1522,1362 1552,1362 1582,1362 1612,1362 1642,1362 1672,1360 1694,1360"/>
                    <TextEquiv>
                        <Unicode>(opingstuk van het zangspel).... F. A. GassAERT.</Unicode>
                    </TextEquiv>
                </TextLine>
                <CornerPts>0 1 2 3</CornerPts>
            </TableCell>
            <TableCell row="0" col="1" colSpan="1" orientation="0.0" id="t1c2">
                <Coords points="1351,1233 1350,1378 1777,1379 1782,1236"/>
                <CornerPts>0 1 2 3</CornerPts>
            </TableCell>
            <TableCell row="1" col="0" colSpan="1" orientation="0.0" id="t1c3">
                <Coords points="247,1375 234,1517 1349,1522 1350,1378"/>
                <TextLine id="t1c3_tl_1" custom="readingOrder {index:0;}">
                    <Coords points="246,1458 1019,1447 1266,1478 1251,1398 1096,1433 788,1426 683,1381 544,1403 435,1370 246,1400"/>
                    <Baseline points="256,1436 286,1436 316,1436 346,1436 376,1438 406,1438 436,1438 466,1438 496,1438 526,1436 556,1436 586,1440 616,1438 646,1438 676,1438 706,1440 736,1440 766,1442 796,1444 826,1444 856,1446 886,1444 916,1448 946,1448 976,1446 1006,1446 1036,1446 1066,1446 1096,1448 1126,1448 1156,1448 1186,1448 1216,1450 1246,1450 1270,1450"/>
                    <TextEquiv>
                        <Unicode>2. A) Lika (voorspel)</Unicode>
                    </TextEquiv>
                </TextLine>
                <TextLine id="t1c3_tl_2" custom="readingOrder {index:1;}">
                    <Coords points="310,1501 1345,1505 1323,1450 1263,1486 1210,1462 1000,1482 908,1447 308,1456"/>
                    <Baseline points="320,1484 350,1482 380,1482 410,1486 440,1488 470,1488 500,1488 530,1488 560,1488 590,1488 620,1488 650,1488 680,1490 710,1490 740,1490 770,1488 800,1488 830,1490 860,1492 890,1492 920,1492 950,1494 980,1498 1010,1498 1040,1498 1070,1498 1100,1498 1130,1498 1160,1500 1190,1500 1220,1500 1250,1500 1280,1500 1310,1496 1340,1498 1350,1498"/>
                    <TextEquiv>
                        <Unicode>B) Oostersch feest</Unicode>
                    </TextEquiv>
                </TextLine>
                <CornerPts>0 1 2 3</CornerPts>
            </TableCell>
            <TableCell row="1" col="1" colSpan="1" orientation="0.0" id="t1c4">
                <Coords points="1350,1378 1349,1522 1771,1523 1777,1379"/>
                <TextLine id="t1c4_tl_1" custom="readingOrder {index:0;}">
                    <Coords points="1357,1495 1413,1507 1445,1484 1462,1493 1522,1486 1550,1503 1578,1490 1647,1512 1679,1497 1721,1505 1721,1420 1660,1443 1610,1424 1550,1447 1527,1432 1495,1448 1430,1428 1392,1443 1357,1437"/>
                    <Baseline points="1366,1472 1396,1474 1426,1476 1456,1476 1486,1476 1516,1476 1546,1478 1576,1476 1606,1476 1636,1476 1666,1478 1696,1476 1724,1478"/>
                    <TextEquiv>
                        <Unicode>ART. VAN OOST.</Unicode>
                    </TextEquiv>
                </TextLine>
                <CornerPts>0 1 2 3</CornerPts>
            </TableCell>
            <TableCell row="2" col="0" colSpan="1" orientation="0.0" id="t1c5">
                <Coords points="234,1517 224,1614 1348,1619 1349,1522"/>
                <TextLine id="t1c5_tl_1" custom="readingOrder {index:0;}">
                    <Coords points="250,1599 948,1591 1161,1638 1321,1591 1619,1604 1617,1525 1163,1559 719,1505 503,1552 248,1537"/>
                    <Baseline points="260,1574 290,1576 320,1578 350,1578 380,1578 410,1578 440,1578 470,1580 500,1580 530,1580 560,1580 590,1578 620,1578 650,1578 680,1580 710,1580 740,1580 770,1578 800,1582 830,1582 860,1582 890,1584 920,1584 950,1584 980,1586 1010,1586 1040,1586 1070,1586 1100,1586 1130,1588 1160,1588 1190,1588 1220,1592 1250,1592 1280,1592 1310,1592 1340,1592 1370,1594 1400,1592 1430,1594 1460,1594 1490,1594 1520,1592 1550,1594 1580,1594 1610,1594 1624,1592"/>
                    <TextEquiv>
                        <Unicode>3. Der lustige Figaro (luimige fantazij). J. V. HAMM.</Unicode>
                    </TextEquiv>
                </TextLine>
                <CornerPts>0 1 2 3</CornerPts>
            </TableCell>
            <TableCell row="2" col="1" colSpan="1" orientation="0.0" id="t1c6">
                <Coords points="1349,1522 1348,1619 1768,1621 1771,1523"/>
                <CornerPts>0 1 2 3</CornerPts>
            </TableCell>
            <TableCell row="3" col="0" colSpan="1" orientation="0.0" id="t1c7">
                <Coords points="224,1614 216,1700 1347,1700 1348,1619"/>
                <TextLine id="t1c7_tl_1" custom="readingOrder {index:0;}">
                    <Coords points="248,1696 293,1700 323,1675 418,1694 447,1675 520,1692 576,1679 606,1702 645,1679 794,1687 794,1642 698,1614 625,1638 542,1621 458,1629 435,1614 400,1632 343,1617 248,1636"/>
                    <Baseline points="258,1666 288,1668 318,1668 348,1668 378,1670 408,1668 438,1668 468,1670 498,1670 528,1670 558,1672 588,1672 618,1672 648,1672 678,1674 708,1674 738,1674 768,1674 798,1676"/>
                    <TextEquiv>
                        <Unicode>4. Feestmarsch</Unicode>
                    </TextEquiv>
                </TextLine>
                <TextLine id="t1c7_tl_2" custom="readingOrder {index:1;}">
                    <Coords points="812,1698 1430,1689 1636,1715 1636,1623 1557,1651 1377,1627 1212,1674 1109,1629 978,1659 854,1636 812,1662"/>
                    <Baseline points="822,1674 852,1676 882,1678 912,1680 942,1680 972,1680 1002,1680 1032,1680 1062,1682 1092,1682 1122,1684 1152,1684 1182,1686 1212,1686 1242,1686 1272,1686 1302,1686 1332,1684 1362,1684 1392,1682 1422,1684 1452,1684 1482,1686 1512,1684 1542,1684 1572,1684 1602,1684 1632,1684 1638,1684"/>
                    <TextEquiv>
                        <Unicode>JUL. SCHREY.</Unicode>
                    </TextEquiv>
                </TextLine>
                <CornerPts>0 1 2 3</CornerPts>
            </TableCell>
            <TableCell row="3" col="1" colSpan="1" orientation="0.0" id="t1c8">
                <Coords points="1348,1619 1347,1700 1765,1700 1768,1621"/>
                <CornerPts>0 1 2 3</CornerPts>
            </TableCell>
            <TableCell row="4" col="0" colSpan="1" orientation="0.0" id="t1c9">
                <Coords points="216,1700 197,1905 1346,1907 1347,1700"/>
                <TextLine id="t1c9_tl_1" custom="readingOrder {index:0;}">
                    <Coords points="835,1784 955,1792 1034,1781 1051,1797 1131,1814 1175,1807 1173,1721 1131,1741 1013,1717 931,1721 901,1736 867,1721 833,1728"/>
                    <Baseline points="844,1768 874,1772 904,1772 934,1772 964,1774 994,1774 1024,1774 1054,1776 1084,1776 1114,1776 1144,1776 1174,1778 1180,1778"/>
                    <TextEquiv>
                        <Unicode>TWEEDE DEEL</Unicode>
                    </TextEquiv>
                </TextLine>
                <TextLine id="t1c9_tl_2" custom="readingOrder {index:1;}">
                    <Coords points="251,1871 614,1916 1034,1876 1758,1918 1756,1848 1597,1826 1321,1861 251,1827"/>
                    <Baseline points="262,1864 292,1864 322,1864 352,1866 382,1868 412,1870 442,1870 472,1870 502,1872 532,1872 562,1872 592,1872 622,1870 652,1872 682,1872 712,1870 742,1872 772,1870 802,1870 832,1870 862,1872 892,1872 922,1874 952,1874 982,1874 1012,1874 1042,1874 1072,1876 1102,1876 1132,1878 1162,1878 1192,1878 1222,1878 1252,1878 1282,1880 1312,1882 1342,1882 1372,1884 1402,1884 1432,1884 1462,1884 1492,1884 1522,1884 1552,1884 1582,1884 1612,1884 1642,1884 1672,1884 1702,1886 1732,1886 1762,1888"/>
                    <TextEquiv>
                        <Unicode>5. Coriolan ( openingstuk voor het treurspel). L. VAN BEETHOVEN.</Unicode>
                    </TextEquiv>
                </TextLine>
                <CornerPts>0 1 2 3</CornerPts>
            </TableCell>
            <TableCell row="4" col="1" colSpan="1" orientation="0.0" id="t1c10">
                <Coords points="1347,1700 1346,1907 1757,1907 1765,1700"/>
                <CornerPts>0 1 2 3</CornerPts>
            </TableCell>
            <TableCell row="5" col="0" colSpan="1" orientation="0.0" id="t1c11">
                <Coords points="197,1905 188,1996 1345,1996 1346,1907"/>
                <TextLine id="t1c11_tl_1" custom="readingOrder {index:0;}">
                    <Coords points="250,1966 1655,1985 1617,1925 1372,1919 1278,1961 510,1949 396,1895 250,1921"/>
                    <Baseline points="260,1952 290,1952 320,1954 350,1958 380,1960 410,1962 440,1962 470,1964 500,1964 530,1964 560,1964 590,1966 620,1966 650,1968 680,1966 710,1966 740,1966 770,1968 800,1966 830,1968 860,1966 890,1968 920,1968 950,1968 980,1968 1010,1970 1040,1970 1070,1970 1100,1972 1130,1972 1160,1970 1190,1972 1220,1972 1250,1974 1280,1972 1310,1972 1340,1972 1370,1972 1400,1972 1430,1972 1460,1972 1490,1972 1520,1974 1550,1974 1580,1976 1610,1974 1640,1976 1658,1976"/>
                    <TextEquiv>
                        <Unicode>6. Wals...... FRED. CHOPIN.</Unicode>
                    </TextEquiv>
                </TextLine>
                <CornerPts>0 1 2 3</CornerPts>
            </TableCell>
            <TableCell row="5" col="1" colSpan="1" orientation="0.0" id="t1c12">
                <Coords points="1346,1907 1345,1996 1753,1996 1757,1907"/>
                <CornerPts>0 1 2 3</CornerPts>
            </TableCell>
            <TableCell row="6" col="0" colSpan="1" orientation="0.0" id="t1c13">
                <Coords points="188,1996 180,2083 1344,2084 1345,1996"/>
                <TextLine id="t1c13_tl_1" custom="readingOrder {index:0;}">
                    <Coords points="257,2064 1597,2075 1595,2011 1398,1996 1145,2045 874,2000 407,2026 255,1994"/>
                    <Baseline points="266,2046 296,2048 326,2048 356,2050 386,2052 416,2054 446,2054 476,2054 506,2054 536,2054 566,2054 596,2052 626,2054 656,2054 686,2054 716,2054 746,2054 776,2054 806,2054 836,2056 866,2056 896,2056 926,2054 956,2056 986,2058 1016,2056 1046,2058 1076,2058 1106,2060 1136,2062 1166,2062 1196,2062 1226,2064 1256,2062 1286,2062 1316,2062 1346,2060 1376,2062 1406,2062 1436,2062 1466,2064 1496,2064 1526,2062 1556,2064 1586,2064 1600,2064"/>
                    <TextEquiv>
                        <Unicode>7. Capricio (Jota Àragonesa) IW. Glimka.</Unicode>
                    </TextEquiv>
                </TextLine>
                <CornerPts>0 1 2 3</CornerPts>
            </TableCell>
            <TableCell row="6" col="1" colSpan="1" orientation="0.0" id="t1c14">
                <Coords points="1345,1996 1344,2084 1750,2085 1753,1996"/>
                <CornerPts>0 1 2 3</CornerPts>
            </TableCell>
            <TableCell row="7" col="0" colSpan="1" orientation="0.0" id="t1c15">
                <Coords points="180,2083 170,2178 1343,2178 1344,2084"/>
                <TextLine id="t1c15_tl_1" custom="readingOrder {index:0;}">
                    <Coords points="251,2150 469,2186 1060,2150 1627,2186 1670,2124 250,2096"/>
                    <Baseline points="262,2134 292,2138 322,2140 352,2140 382,2142 412,2144 442,2144 472,2146 502,2144 532,2144 562,2146 592,2146 622,2146 652,2146 682,2146 712,2144 742,2146 772,2146 802,2146 832,2148 862,2148 892,2148 922,2148 952,2150 982,2150 1012,2152 1042,2152 1072,2150 1102,2150 1132,2152 1162,2152 1192,2152 1222,2152 1252,2152 1282,2152 1312,2152 1342,2152 1372,2152 1402,2152 1432,2152 1462,2152 1492,2152 1522,2154 1552,2152 1582,2154 1612,2154 1642,2154 1672,2154 1674,2156"/>
                    <TextEquiv>
                        <Unicode>8. Mellusina (inleiding) EM. WAMBACH.</Unicode>
                    </TextEquiv>
                </TextLine>
                <CornerPts>0 1 2 3</CornerPts>
            </TableCell>
            <TableCell row="7" col="1" colSpan="1" orientation="0.0" id="t1c16">
                <Coords points="1344,2084 1343,2178 1746,2178 1750,2085"/>
                <CornerPts>0 1 2 3</CornerPts>
            </TableCell>
            <TableCell row="8" col="0" colSpan="1" orientation="0.0" id="t1c17">
                <Coords points="170,2178 162,2264 1343,2264 1343,2178"/>
                <TextLine id="t1c17_tl_1" custom="readingOrder {index:0;}">
                    <Coords points="253,2248 1711,2265 1711,2210 1542,2188 1135,2231 978,2188 525,2210 253,2173"/>
                    <Baseline points="264,2234 294,2232 324,2232 354,2232 384,2234 414,2236 444,2236 474,2236 504,2236 534,2236 564,2236 594,2238 624,2238 654,2238 684,2238 714,2238 744,2238 774,2238 804,2238 834,2238 864,2238 894,2238 924,2238 954,2240 984,2240 1014,2240 1044,2240 1074,2242 1104,2242 1134,2244 1164,2244 1194,2244 1224,2244 1254,2244 1284,2244 1314,2246 1344,2246 1374,2244 1404,2244 1434,2242 1464,2242 1494,2244 1524,2242 1554,2244 1584,2244 1614,2244 1644,2244 1674,2244 1704,2246 1716,2246"/>
                    <TextEquiv>
                        <Unicode>9. Lohengrin (bruiloftsmarsch). RICH. WAGNER.</Unicode>
                    </TextEquiv>
                </TextLine>
                <CornerPts>0 1 2 3</CornerPts>
            </TableCell>
            <TableCell row="8" col="1" colSpan="1" orientation="0.0" id="t1c18">
                <Coords points="1343,2178 1343,2264 1743,2264 1746,2178"/>
                <CornerPts>0 1 2 3</CornerPts>
            </TableCell>
        </TableRegion>
    </Page>
</PcGts>
