1980 3003
255 1358 1638 1463 I. Diana ( openingstuk) ED. BEYIS.
533 1437 794 1518 (1° uitvoering.)
261 1492 1640 1591 2 A) Stabat Mater (Cujus animam)....... G. RossINI.
321 1555 1773 1621 B) Boheemsche danswijze... Alex. STADTFELD.
266 1651 1767 1732 3. Zambra morisca (symfonische luim)... Jos. M. BENAIGES.
263 1737 1773 1841 4. Feestgalm (marsch) jos.HUYBRECHTS.
850 1818 1182 1918 TWEEDE DEEL
270 1921 1246 2000 5. Saül (openingstuk voor Alfred's treurspel)
403 1993 1360 2043 De toondichter heeft de tegenstelling willen afschilderen
368 2023 1357 2077 tusschen de karakters van Saül en David; het eerste vol
366 2054 1353 2109 hoogmoed, toorn en dwinglandij, het andere zoetaardig
375 2101 636 2146 en edelmoedig.
405 2109 1362 2178 Het slot van het werk stelt voor de dood van Saül en den
366 2160 957 2223 inval der zegepralende Filistijnen.
1377 1912 1687 2004 ANT. BAzzINI.
276 2199 1030 2293 6. Humoreske (1e uitvoering)
1191 2150 1762 2280 A. DE VLEESHOUWER.
280 2270 1752 2390 7. I Medici (bloemlezing uit het zangspel)... R. LEONCAVALLO
272 2370 989 2462 8. Follette (walsenreeks).
1086 2353 1672 2452 „... Eenn. GILLET.
