1894 3007
206 1438 1221 1547 I. Nationale marsch (1e uitvoering).
1289 1464 1584 1547 J. MARTIN.
210 1538 1304 1621 2. Feest in den Tempel van Jupiter
384 1608 660 1680 (hervraagd).
278 1663 1228 1724 Getrokken uit de orkestsuite voor Corneille’s treurspel.
278 1713 1313 1783 a) Optocht. b) Dansen. c) Schielijke inval van Polyeucte en
339 1748 513 1814 Nearcus.
1268 1587 1608 1715 EDG. TINEL.
208 1803 872 1901 3. Charlotte Corday
378 1870 1099 1954 ( Rpeningstuk van het lyrisch drama)
1333 1816 1669 1919 PETER BENOIT.
197 1916 1575 2074 Aanroeping tot het Vaderland.. L. JOURET.
223 2045 1560 2159 5. Magnificat...... FR. RIGA.
789 2144 1134 2229 TWEEDE DEEL
190 2176 442 2342 6. De Ers
459 2229 1586 2321 Juronen... .., .  A. TILMAN.
218 2314 1696 2419 7. De Iersche Uitwijkelingen.... FR. A. G vAERT.
216 2406 1610 2504 8. Tannhauser (opening van het zangspel).. R. WAGNER.
221 2509 1602 2587 9. Capricio (Jota Aragonesa)....... IW.13.
