1935 3021
240 1302 908 1420 1. Wijdingsmarsch.
1229 1338 1716 1407 EM. WAMBACH.
234 1394 1679 1503 2. Alvar (inleiding van het lyrisch drama).... PAUL GILSON.
509 1486 994 1579 (Hobo-solo : H. K. Rovies).
1533 1531 1673 1598 :
236 1572 1680 1649 3. Concert-Wals K. HANSSENS.
245 1664 1750 1778 4. Parisina (proloog van het lyrisch drama).. EDW. KEURVLS.
1420 1729 1475 1774 3
238 1757 1675 1873 5. Agneessens (openingstuk) H. VAELPUT.
829 1856 1166 1918 TWEEDE DEEL
588 1940 1430 2028 (Scandinaafsche Toondichters.)
243 2002 840 2088 6. Hamlet (opingstuk).
1372 2008 1737 2118 NIEIS W. GADE.
245 2090 777 2174 7. Treurliederen.
926 2109 1289 2201 * * * * • * *
378 2156 788 2225 a) Hartewee. b) Lente.
1373 2098 1729 2193 EDVARD GRIEG.
249 2238 917 2322 8. Asgaardsreien.
371 2294 1315 2337 De Scandinaven geven den naam van « Asgaardsreien » aan de Walku-
356 2320 1312 2365 ren, wier gevlengelde binde aangevoerd wordt door God DÖUNER. Zij
356 2360 1310 2390 dragen de gesneuvelde helden van het oorlogsveld en vo ren ze mede in
356 2382 1317 2414 hunnen wilden rit. — Twee versmaadde verliefden vallen te midden eener
356 2406 1314 2444 bruiloft en werpen zich op den verloofde; — terwijl dé vrouwen de hulp
356 2436 1317 2466 des hemels inroepen, verschijnen als een stormwind de Asgaardsreien op
357 2459 1319 2532 het slagveld, lichten de strijders op en vervolgen hunne vaart door de
352 2483 434 2521 lucht.
1375 2238 1639 2332 OLE OTSEN,
258 2506 902 2594 9. Carnaval te Parijs.
1383 2519 1731 2605 JOH. SVENDSEN.
