1830 3021
617 1221 1311 1309 (Waalsche Toondichters.)
223 1297 1161 1397 1. Concert- openingstuk....
1331 1298 1615 1386 FR. J. FÉTIS.
222 1368 1302 1438 2. Fantazie op twee angevijnsche volkswijzen.
407 1434 1320 1480 Bij valavond springen en joelen omstrengelde paren : ’t is het bal der
326 1467 1322 1505 VEREENIGING. Immer woeliger wordt de dans ; doch hoven de vroolijke
320 1500 1329 1544 kreten der knapen en het schaterend gelach der meisjes die blozen van pret,
328 1533 1324 1568 — hoven het feest en zijne dwaasheid schalt luid de alles beheerschende stein
324 1568 1324 1599 der Liefde. — Rustig en geheimvol spreidt de schaduw zich over de vlakte.
328 1595 1320 1628 waarheen de minnaar zijne geliefde lokt. Hij weerstaat aan de stem der be¬
328 1619 1317 1657 minde, die verlangt terug te keeren naar het feest, en luchthartig de dans—
330 1648 1317 1705 wijzen naneuriet welke, steeds verder, over de stille velden weerklinken
330 1679 1170 1718 Hij smeekt haar, en weet haar te winnen voor zijn teeder gevoel
408 1687 1322 1745 Midden het nachtelijk landschap, bestraald door ’s hemels sterrenglans
324 1732 1326 1776 en omgeven van de geuren der sluimerende aard, ontvouwt zich, grootsch en
324 1773 1329 1811 vurig, het liefdetooneel... En de verliefden verwijderen zich, bij het frisch
331 1796 1258 1848 gemurmel der beek, die, verzilverd door het maanlicht, daarheen glijdt.
1329 1368 1557 1447 G. LEKEU
225 1826 749 1895 3. 2de Orkestsuite.
482 1875 1066 1950 a) Presto; b) Andantino religioso;
485 1925 941 1963 c) Intermezzo; d) Scherzo.
1328 1807 1632 1897 Sylv. dupus
220 1950 1692 2031 4. De Bij (perzische dans uit het ballet Ijamileh). THEO ChARLIBR.
797 2031 1134 2117 TWEEDE DEEL.
623 2115 1326 2201 (Spaansche Toondichters.)
231 2192 707 2274 5. Ecos del Mino
390 2260 1304 2328 (openingstuk op motieven der Muneira, volks-
377 2304 723 2386 lied uit Galicie).
976 2188 1712 2267 GASP. ESPINOSA DE LOS MONTEROS.
227 2349 575 2430 6. A) Droom
277 2428 1300 2492 B) Kabouterdans
1328 2366 1639 2448 ERICORERA.
231 2463 1657 2582 7. En la Alhambra (serenade)..... Tomâs BRETóN.
