1935 3035
268 1460 779 1561 I. Feestklanken.
270 1562 1519 1659 2. De Pacificatie ( openingstuk van het lyrisch drama).
273 1661 1126 1748 3. Charlotte Corday (baltooneel).
270 1743 1425 1830 4. Artevelde's Geest (oratorio de Schelde).
612 1817 1076 1911 M. Bernard TOUKKIE.
268 1903 1614 2001 5. Charlotte Corday (ulpeningstuk van het lyrisch drama)
860 1991 1199 2075 TWEEDE DEEL
280 2067 1123 2146 6. Hulde aan Peter Benoit
446 2141 1755 2224 (getoonzet door den Heer Lod. Mortelmans ter gelegenheid der
489 2201 1323 2276 Benoit-Feesten van 12 September 1897).
277 2291 1539 2355 7. De Wæreld in (symfonische omschrijving van de
446 2328 1487 2419 Kindercantate, door M. Lod. Hinderyckx).
451 2390 731 2469 1e uitvoering.
273 2464 982 2556 8. Mijn Moederspraak.
610 2538 1091 2648 M. Bernard TOUKKIE.
