<?xml version="1.0" encoding="UTF-8" standalone="yes"?>
<PcGts xmlns="http://schema.primaresearch.org/PAGE/gts/pagecontent/2013-07-15" xmlns:xsi="http://www.w3.org/2001/XMLSchema-instance" xsi:schemaLocation="http://schema.primaresearch.org/PAGE/gts/pagecontent/2013-07-15 http://schema.primaresearch.org/PAGE/gts/pagecontent/2013-07-15/pagecontent.xsd">
    <Metadata>
        <Creator>prov=READ-COOP:name=TrHtr:version=2.7.0:model_id=51170:date=20_11_2023_10:37</Creator>
        <Created>2023-11-13T18:51:47.284022</Created>
        <LastChange>2023-11-20T10:37:00.647+01:00</LastChange>
        <TranskribusMetadata docId="1599536" pageId="60352332" pageNr="50" tsid="140174882" status="IN_PROGRESS" userId="131016" imgUrl="https://files.transkribus.eu/Get?id=UJCCDMAXIIEEEKDZKTWWXNXC&amp;fileType=view" xmlUrl="https://files.transkribus.eu/Get?id=CVLWVGCEKDZNEECHWBUBUZND" imageId="48736490"/>
    </Metadata>
    <Page imageFilename="0050_kca-srdda-cpr1897-030901108859-tx-00050.jpg" imageWidth="1871" imageHeight="2998">
        <TableRegion id="t1" custom="readingOrder {index:0;}">
            <Coords points="212,1444 212,2380 1776,2380 1776,1444"/>
            <TableCell row="0" col="0" colSpan="1" orientation="0.0" id="t1c1">
                <Coords points="212,1444 212,1524 1376,1524 1377,1444"/>
                <TextLine id="t1c1_tl_1" custom="readingOrder {index:0;}">
                    <Coords points="237,1494 1764,1530 1764,1460 1608,1415 1360,1464 237,1437"/>
                    <Baseline points="248,1492 278,1492 308,1492 338,1490 368,1490 398,1490 428,1492 458,1492 488,1492 518,1492 548,1492 578,1492 608,1492 638,1492 668,1492 698,1492 728,1492 758,1492 788,1492 818,1492 848,1494 878,1494 908,1494 938,1492 968,1492 998,1492 1028,1494 1058,1494 1088,1494 1118,1494 1148,1494 1178,1496 1208,1496 1238,1498 1268,1498 1298,1496 1308,1496 1314,1496 1344,1496 1374,1494 1404,1494 1434,1496 1464,1494 1494,1494 1524,1496 1554,1496 1584,1496 1614,1496 1644,1496 1674,1496 1704,1496 1734,1496 1764,1496 1766,1496"/>
                    <TextEquiv>
                        <Unicode>1. Le Carnaval romain (openingstuk)... HECTOR BERLIOZ.</Unicode>
                    </TextEquiv>
                </TextLine>
                <CornerPts>0 1 2 3</CornerPts>
            </TableCell>
            <TableCell row="0" col="1" colSpan="1" orientation="0.0" id="t1c2">
                <Coords points="1377,1444 1376,1524 1776,1524 1776,1444"/>
                <CornerPts>0 1 2 3</CornerPts>
            </TableCell>
            <TableCell row="1" col="0" colSpan="1" orientation="0.0" id="t1c3">
                <Coords points="212,1524 212,1654 1373,1654 1376,1524"/>
                <TextLine id="t1c3_tl_1" custom="readingOrder {index:0;}">
                    <Coords points="234,1587 1373,1587 1500,1646 1722,1608 1722,1525 1678,1513 1213,1559 234,1542"/>
                    <Baseline points="244,1582 274,1584 304,1584 334,1582 364,1582 394,1582 424,1582 454,1582 484,1582 514,1582 544,1584 574,1582 604,1582 634,1582 664,1582 694,1580 724,1582 754,1584 784,1584 814,1584 844,1584 874,1584 904,1586 934,1586 964,1586 994,1586 1024,1586 1054,1586 1084,1586 1114,1586 1144,1586 1174,1586 1204,1586 1234,1586 1264,1586 1294,1586 1324,1588 1354,1588 1384,1586 1414,1586 1444,1588 1474,1588 1504,1588 1534,1588 1564,1588 1594,1588 1624,1588 1654,1588 1684,1588 1714,1588 1726,1590"/>
                    <TextEquiv>
                        <Unicode>2. De Zondvloed (voorspel van het oratorium). C SAINT-SAENS.</Unicode>
                    </TextEquiv>
                </TextLine>
                <TextLine id="t1c3_tl_2" custom="readingOrder {index:1;}">
                    <Coords points="437,1646 478,1660 535,1644 583,1663 640,1641 659,1660 695,1648 725,1663 818,1650 834,1663 885,1652 919,1663 919,1591 851,1608 778,1593 737,1614 585,1589 522,1608 497,1595 437,1601"/>
                    <Baseline points="448,1632 478,1632 508,1632 538,1632 568,1632 598,1632 628,1632 658,1632 688,1632 718,1634 748,1632 778,1634 808,1634 838,1634 868,1634 898,1634 924,1636"/>
                    <TextEquiv>
                        <Unicode>Solist: M. Edm, De Herdt.</Unicode>
                    </TextEquiv>
                </TextLine>
                <CornerPts>0 1 2 3</CornerPts>
            </TableCell>
            <TableCell row="1" col="1" colSpan="1" orientation="0.0" id="t1c4">
                <Coords points="1376,1524 1373,1654 1776,1654 1776,1524"/>
                <CornerPts>0 1 2 3</CornerPts>
            </TableCell>
            <TableCell row="2" col="0" colSpan="1" orientation="0.0" id="t1c5">
                <Coords points="212,1654 212,1932 1367,1932 1373,1654"/>
                <TextLine id="t1c5_tl_1" custom="readingOrder {index:0;}">
                    <Coords points="234,1726 1690,1732 1690,1675 1585,1661 1316,1654 1162,1699 1027,1658 566,1699 234,1669"/>
                    <Baseline points="244,1716 274,1718 304,1720 334,1718 364,1718 394,1720 424,1720 454,1720 484,1722 514,1720 544,1722 574,1722 604,1720 634,1722 664,1722 694,1722 724,1720 754,1722 784,1722 814,1722 844,1722 874,1722 904,1722 934,1722 964,1722 994,1724 1024,1724 1054,1724 1084,1724 1114,1724 1144,1726 1174,1726 1204,1724 1234,1726 1264,1728 1294,1728 1324,1730 1354,1730 1384,1732 1414,1730 1444,1730 1474,1728 1504,1730 1534,1726 1564,1726 1594,1726 1624,1726 1654,1724 1684,1722 1694,1720"/>
                    <TextEquiv>
                        <Unicode>3. Esclarmonde (orkestsuite uit het zangspel). J. MASSENET.</Unicode>
                    </TextEquiv>
                </TextLine>
                <TextLine id="t1c5_tl_2" custom="readingOrder {index:1;}">
                    <Coords points="439,1777 478,1783 492,1773 511,1785 539,1787 585,1777 611,1789 625,1781 687,1789 687,1732 615,1749 604,1739 562,1747 518,1734 484,1747 473,1737 439,1754"/>
                    <Baseline points="450,1774 452,1772 482,1772 512,1772 542,1770 572,1770 602,1772 632,1772 662,1772 692,1772"/>
                    <TextEquiv>
                        <Unicode>a) Oproeping.</Unicode>
                    </TextEquiv>
                </TextLine>
                <TextLine id="t1c5_tl_3" custom="readingOrder {index:2;}">
                    <Coords points="444,1821 541,1832 651,1819 720,1836 790,1825 843,1844 843,1779 826,1775 784,1792 731,1773 672,1791 630,1779 617,1789 444,1779"/>
                    <Baseline points="454,1814 458,1812 488,1812 518,1812 548,1814 578,1814 608,1814 638,1814 668,1812 698,1810 728,1812 758,1812 788,1814 818,1812 848,1812"/>
                    <TextEquiv>
                        <Unicode>b) Het Toover-Eiland.</Unicode>
                    </TextEquiv>
                </TextLine>
                <TextLine id="t1c5_tl_4" custom="readingOrder {index:3;}">
                    <Coords points="444,1861 478,1866 490,1859 520,1868 556,1866 562,1872 589,1863 596,1868 615,1861 644,1863 644,1825 628,1821 602,1830 581,1819 562,1832 553,1827 541,1832 524,1823 503,1823 494,1830 480,1825 444,1828"/>
                    <Baseline points="454,1854 484,1854 514,1856 544,1856 574,1856 604,1856 634,1854 648,1854"/>
                    <TextEquiv>
                        <Unicode>c) Bruiloft.</Unicode>
                    </TextEquiv>
                </TextLine>
                <TextLine id="t1c5_tl_5" custom="readingOrder {index:4;}">
                    <Coords points="439,1910 558,1908 585,1929 640,1903 674,1922 816,1904 910,1933 1010,1906 1050,1929 1145,1929 1145,1863 1033,1865 1004,1844 930,1868 910,1849 881,1865 790,1846 568,1874 439,1861"/>
                    <Baseline points="450,1898 480,1898 510,1898 540,1898 570,1898 600,1896 630,1896 660,1898 690,1898 720,1898 750,1898 780,1898 810,1898 840,1898 870,1898 900,1898 930,1898 960,1898 990,1900 1020,1900 1050,1900 1080,1900 1110,1900 1140,1900 1150,1900"/>
                    <TextEquiv>
                        <Unicode>d) In het Woud (1. Herderspel. 2. Jacht)</Unicode>
                    </TextEquiv>
                </TextLine>
                <CornerPts>0 1 2 3</CornerPts>
            </TableCell>
            <TableCell row="2" col="1" colSpan="1" orientation="0.0" id="t1c6">
                <Coords points="1373,1654 1367,1932 1776,1932 1776,1654"/>
                <CornerPts>0 1 2 3</CornerPts>
            </TableCell>
            <TableCell row="3" col="0" colSpan="1" orientation="0.0" id="t1c7">
                <Coords points="212,1932 212,2113 1363,2114 1367,1932"/>
                <TextLine id="t1c7_tl_1" custom="readingOrder {index:0;}">
                    <Coords points="834,2032 900,2045 928,2030 972,2034 985,2020 1025,2034 1061,2013 1092,2032 1156,2013 1173,2018 1172,1950 1097,1939 1016,1958 987,1942 959,1954 946,1944 891,1954 870,1939 854,1954 832,1954"/>
                    <Baseline points="842,1988 872,1988 902,1988 932,1988 962,1990 992,1990 1022,1990 1052,1990 1082,1990 1112,1990 1142,1992 1172,1992 1174,1992"/>
                    <TextEquiv>
                        <Unicode>TWEEDE DEEL.</Unicode>
                    </TextEquiv>
                </TextLine>
                <TextLine id="t1c7_tl_2" custom="readingOrder {index:1;}">
                    <Coords points="249,2123 955,2085 1663,2130 1756,2115 1756,2037 1377,2016 993,2064 534,1975 249,2051"/>
                    <Baseline points="260,2078 290,2080 320,2078 350,2080 380,2080 410,2080 440,2078 470,2078 500,2076 530,2078 560,2076 590,2078 620,2078 650,2080 680,2078 710,2078 740,2078 770,2078 800,2080 830,2080 860,2080 890,2082 920,2082 950,2084 980,2084 1010,2084 1040,2084 1070,2084 1100,2084 1130,2086 1160,2086 1190,2086 1220,2086 1250,2086 1280,2084 1310,2084 1340,2084 1370,2082 1400,2082 1430,2084 1460,2084 1490,2082 1520,2082 1550,2082 1580,2082 1610,2082 1640,2082 1670,2082 1700,2082 1730,2082 1760,2084 1762,2084"/>
                    <TextEquiv>
                        <Unicode>4. Hamlet ( openingstuk)........  ALEX. STADFFELD.</Unicode>
                    </TextEquiv>
                </TextLine>
                <CornerPts>0 1 2 3</CornerPts>
            </TableCell>
            <TableCell row="3" col="1" colSpan="1" orientation="0.0" id="t1c8">
                <Coords points="1367,1932 1363,2114 1776,2115 1776,1932"/>
                <CornerPts>0 1 2 3</CornerPts>
            </TableCell>
            <TableCell row="4" col="0" colSpan="1" orientation="0.0" id="t1c9">
                <Coords points="212,2113 212,2198 1361,2200 1363,2114"/>
                <TextLine id="t1c9_tl_1" custom="readingOrder {index:0;}">
                    <Coords points="243,2189 1756,2184 1756,2132 1604,2106 1515,2146 1418,2100 970,2159 917,2115 769,2155 564,2094 243,2125"/>
                    <Baseline points="254,2166 284,2166 314,2166 344,2168 374,2168 404,2168 434,2170 464,2170 494,2168 524,2170 554,2170 584,2170 614,2170 644,2170 674,2170 704,2170 734,2170 764,2170 794,2170 824,2170 854,2170 884,2172 914,2172 944,2172 974,2172 1004,2172 1034,2174 1064,2174 1094,2174 1124,2174 1154,2176 1184,2176 1214,2176 1244,2176 1274,2174 1304,2174 1334,2174 1364,2174 1394,2174 1424,2174 1454,2176 1484,2176 1514,2176 1544,2176 1574,2176 1604,2174 1634,2176 1664,2174 1694,2174 1724,2176 1754,2176 1762,2176"/>
                    <TextEquiv>
                        <Unicode>5. Concert Wals......... CH. L. HANSSENS.</Unicode>
                    </TextEquiv>
                </TextLine>
                <CornerPts>0 1 2 3</CornerPts>
            </TableCell>
            <TableCell row="4" col="1" colSpan="1" orientation="0.0" id="t1c10">
                <Coords points="1363,2114 1361,2200 1776,2200 1776,2115"/>
                <CornerPts>0 1 2 3</CornerPts>
            </TableCell>
            <TableCell row="5" col="0" colSpan="1" orientation="0.0" id="t1c11">
                <Coords points="212,2198 212,2295 1359,2296 1361,2200"/>
                <TextLine id="t1c11_tl_1" custom="readingOrder {index:0;}">
                    <Coords points="241,2273 1697,2294 1684,2214 1147,2254 1078,2201 1037,2235 858,2199 241,2216"/>
                    <Baseline points="252,2256 282,2258 312,2260 342,2260 372,2262 402,2264 432,2264 462,2264 492,2264 522,2266 552,2266 582,2264 612,2264 642,2264 672,2264 702,2264 732,2262 762,2262 792,2264 822,2262 852,2262 882,2262 912,2262 942,2262 972,2264 1002,2262 1032,2264 1062,2264 1092,2266 1122,2266 1152,2266 1182,2266 1212,2266 1242,2264 1272,2266 1302,2264 1332,2266 1362,2264 1392,2266 1422,2264 1452,2266 1482,2266 1512,2266 1542,2268 1572,2266 1602,2266 1632,2266 1662,2266 1692,2268 1702,2268"/>
                    <TextEquiv>
                        <Unicode>6. Fantazij op spaansche wijzen....... F. A. Geveert.</Unicode>
                    </TextEquiv>
                </TextLine>
                <CornerPts>0 1 2 3</CornerPts>
            </TableCell>
            <TableCell row="5" col="1" colSpan="1" orientation="0.0" id="t1c12">
                <Coords points="1361,2200 1359,2296 1776,2297 1776,2200"/>
                <CornerPts>0 1 2 3</CornerPts>
            </TableCell>
            <TableCell row="6" col="0" colSpan="1" orientation="0.0" id="t1c13">
                <Coords points="212,2295 212,2380 1358,2380 1359,2296"/>
                <TextLine id="t1c13_tl_1" custom="readingOrder {index:0;}">
                    <Coords points="245,2379 1656,2392 1697,2294 1646,2326 1303,2303 1228,2347 1086,2297 245,2324"/>
                    <Baseline points="256,2360 262,2362 292,2358 322,2356 352,2358 382,2358 412,2358 442,2360 472,2360 502,2362 532,2360 562,2360 592,2360 622,2358 652,2358 682,2356 712,2358 742,2358 772,2358 802,2358 832,2356 862,2356 892,2358 922,2358 952,2358 982,2358 1012,2358 1042,2358 1072,2360 1102,2360 1132,2360 1162,2360 1192,2360 1222,2360 1252,2360 1282,2360 1312,2360 1342,2360 1372,2360 1402,2360 1432,2360 1462,2360 1492,2358 1522,2358 1552,2360 1582,2360 1612,2360 1642,2360 1672,2360 1702,2358"/>
                    <TextEquiv>
                        <Unicode>7. De Elzenkoning (openingstuk).... dieser BENOIT.</Unicode>
                    </TextEquiv>
                </TextLine>
                <CornerPts>0 1 2 3</CornerPts>
            </TableCell>
            <TableCell row="6" col="1" colSpan="1" orientation="0.0" id="t1c14">
                <Coords points="1359,2296 1358,2380 1776,2380 1776,2297"/>
                <CornerPts>0 1 2 3</CornerPts>
            </TableCell>
        </TableRegion>
    </Page>
</PcGts>
