1871 3021
1201 1340 1295 1409 C.
1087 1348 1158 1397 1.
247 1345 1002 1450 1. Godsdienstige marsch.
241 1450 1078 1545 2. Mireille. (Koor der Zijdeteelsters).
597 1508 1254 1576 Soliste : Mej. Maria Van den Broeck.
236 1576 1150 1680 3. A) Sluit uw oogjes! (wiegelied)
568 1647 1053 1717 Solist: M. Edm. De Herdt.
306 1706 1192 1795 B) Lijkmarsch voor eene Pop
247 1785 684 1874 4. Ave Maria!
437 1828 1278 1944 (door alle de Dames van het Koor en het Orkest).
821 1968 1122 2059 WEEDE DEEL
245 2106 840 2211 5. Mireille (opingstuk).
239 2215 1082 2316 6. Polyeucte (Feestkoor-IIe bedrijf
241 2300 1113 2404 7. Faust (Ballet: De Walpurgisnacht).
236 2404 1474 2484 8. Polyeucte (Marsch en Koor der gewijdde Processie).
