14111 18494
4167 3010 8450 3849 Einleitung
5672 4529 5918 4934 1
6150 4399 7307 4963 Arie.3
1780 5050 12198 5528 Das Kyrie besteht aus der abgesonderten Darstellung des Kyrie, Christe und Kyrie eleison. Bei dem
666 5470 12242 5817 ersten Kyrie treten drei Absätze hervor, von welchen jeder vier Tacte einnimmt und den Gedanken jedesmal in
738 5817 12227 6150 gesteigertem Ausdrucke darstellt. In dem ersten Absatze ist die breite Betonung des Beatus der Motette zu dem
637 6135 12227 6497 ausdrucksvollen Vortrage des eleison angewendet. Ganz sanft setzen die vier mittleren Stimmen in einem milden
666 6410 12256 6757 Anrufe das Kyrie ein, denen der erste Sepran und dann der Bass bald nach einander einfallend folgen; wie ein
695 6714 12256 7076 höherer Leiter schwebt ersterer nun über den andern Stimmen und unter sanftem Anschwellen führt er die Bitte
680 7018 12242 7380 wieder zu dem eleison, welches mit dem sich gleichsam öffnenden Accorde in voller Kraft hervortritt und dann
651 7336 12213 7669 seine verhallende Abnahme findet, zwischen welche hindurch man die betonte Silbe der Bitte in den drei unteren
637 7669 12242 8002 Stimmen in ausdrucksvoller Aufeinanderfolge nachklingen hört. Der erste Sepran stimmt hell vorschlagend wieder
666 7944 12300 8248 den Anruf an, und die anderen Stimmen treten, nach unten hin rasch einander folgend, hinzu, die ausdrucksvolle
666 8233 12242 8566 Umlage der Accorde kommt schneller, und unter mächtigem Anschwellen der Stimmen nehmen sich die beiden
666 8537 12256 8870 Soprane wiederholt den Ton des Ausdrucks aus dem Munde, bis mit einer sanften Modulation des Altes die Bitte
666 8841 12300 9203 wieder mild ablässt. Aber hier hat, wie vorher der Sepran, so nun der zweite Tenor mit dem in gleicher Weise
651 9160 12242 9507 erneueten Anrufe die dritte Periode und dritie Steigerung eingeleitet, der Bass schreitet gewichtig nach der Tiefe
637 9463 12242 9767 aus, die Soprane ergehen sich in der Höhe mit ausdrucksvoll sich wiederholender, anrufend bittender Melodie, bei
637 9738 12213 10158 deren demüthigsauftem Niedersteigen unter nachlassender Bewegung die Bitte sich in den ganz ruhigen Schluss¬
622 10042 2214 10433 accord ergiesst.
1765 10361 12242 10708 Das Christe eleison fasst das Thema des Satzes in die mala der Motette auf, benutzt es zu einem schnel¬
637 10607 12271 10983 leren, zutraulicheren Anruf und Bitte und so gestaltet sich dieser zweite Theil zu zwei gedrängteren perioden, deren
709 10983 12213 11344 jede das Thema in beständigen, in Höhe und Tiefe sich drängenden Imitationen von je zwei Stimmen beginnen
622 11272 12227 11634 und in ein länger gezogenes gefühlvolles eleison auslaufen lässt. Wie von drei Chören hört man den zarten Ruf
637 11590 12198 11923 der angelegentlichen Bitte in beständigem reichem Echo, welches zuerst unter dem das Thema festhaltenden und
637 11880 12198 12213 ausdehnenden eleison des ersten Sepranes sich zurückzieht, und, nachdem der zweite Sepran jenen schnelleren Ruf,
666 12198 12227 12560 der sofort allerseits wiederklingt und durch die höhere Tonlage den Ausdruck steigert, wieder begonnen, und zu
637 12502 12169 12849 dem höchsten, von dem zweiten Tenore bedeutsam wiederholten Tone geführt hat, sich unter schon mit dem vor
666 12835 6468 13197 letzten Tacte eintretender langsamerer Bewegung beruhigt.
1765 13110 12198 13486 Der dritte Theil schreitet wieder in dem gehalteneren Tone des ersten einher; er beginnt wie der Anfang
666 13399 12184 13746 des zweiten Theiles der Motette (Dominus opem ferat illi) und indem er das Thema des zweisen Theiles mit ir
637 13718 12198 14079 sich aufnimmt und als Uebergang der einzelnen Perioden verarbeitet, hebt er den Ausdruck der Bitte durch den
695 14007 12213 14369 gedrängteren füllreichen Klang und durch den reichen Umschwung der Accorde, welche hier über 6 zu d und 9 der
1751 14919 12242 15251 *) Die Messe ist einer in Paris erschienenen Sammlung Lasso’scher Messen entnommen: „Missa ser vocibus cantanda
637 15179 12213 15512 adimitationem moduli: Beatus qui intelligit. Auctore Orfando de Lassus. Trpis impressa Parisiis apud Adrianum le Roi et
637 15439 12227 15758 Robertum Ballard. Anno 1587. Cum privilegio.“ Die Motette ist aus der Sammlung: „Selectissimae cautiones, quas vulgo moletas
637 15714 12242 15975 vocant, partim omnino novae, parlim nusquam in Germania excusae, sez et pluribus vocibus compositae per excellentissimum
622 15931 11851 16264 musicum Orlandum di Lassus. Noribergae apud Theodoricum Gerlatzenum, in officina Joannis Montani piae memoriae. 1568
