14122 18528
1967 853 2184 1388 1
1996 1316 13550 1880 geleitet werden, wobei namentlich in dem siebenten Tacte der neue von unteren Stimmen begonnene Anruf in der
1967 1764 13550 2140 neuen Tonart, vom zweiten Sepran in der Höhe eingesetzt, dann vom zweiiten Tenor und nun zum dritten vom
1981 2068 13550 2458 ersten Sepran in dem zu g umgelegten Accorde wiederholt ausdrucksvoll hervortritt, von wo ab der Ausdruck der
1967 2357 13478 2748 Bitte hauptsächlich dadurch gleichsam verdichtet ist, dass sich nun Anruf und Bitte und diese wieder mannichfaltig
1967 2675 13478 3080 durch alle Theile der Tacte hindurch vertheilt, enge durcheinander flechten, bis sich alle Stimmen in einem aus¬
1967 2993 9255 3485 drucksvoll gezogenen und dringlich bittenden letzten eleison vereinigen.
6956 3745 8561 4353 Gloria.
3022 4497 13507 4888 Hier ist wiederum der Anfang der Motette benutzt, aber auf andere Weise; der Sopran der Molette, welchem
1952 4873 13507 5235 im Kyrie die Hervorhebung der Hauptsilbe von eleison anvertraut war, zieht sich in den Tenor zurück; et in terra
1981 5192 13536 5539 wird feierlich, wie dreimal durch die verschiedenen Stimmenpaare declamirt und par, von dem ersten Soprane
1967 5495 13521 5886 besonders still und ruhig hingestellt, fällt bezeichnend mit dem decrescendo der ganzen Periode zusammen. Nachdem
1952 5784 13536 6175 so der „Friede“ sanft und milde gezeichnet ist, legen, wie in der Motette bei qui intelligit, die geschlossenen vier
1981 6117 13536 6479 Unterstimmen feierlich den Accord um: diejenigen zu nennen, welchen der Friede geboten wird, die beiden Soprane
1952 6435 13550 6768 steigen in heilen, lieblichen Terzen drüber empor, dann aber breiten sich, von den zwei untersten Stimmen betont
1967 6739 13521 7086 vorgeschlagen, die Worte bonne voluntatis bei Vereinigung aller Stimmen recht breit und nachdrucksvoll aus. In
1967 7014 13536 7390 geschlossenen festen Accorden erschallt alsdann zweimal von den aufsteigend wie zu zwei Chören combinirten
1938 7332 13521 7679 Stimmen das laudamus te; ihm fügt sich feierlicher mit mannichfaltigster Betonung durch die verschiedenen
1938 7650 13507 8012 Stimmen hindurch das benedictmus an, schliessend mit dem von den beiden oberen Stimmen nacheinander bedeut-am
1952 7925 13521 8272 betonten fe, und wieder ernster und ehrfürchtiger fügt sich mit majestätischem Accordenwechsel das Wort der
1938 8243 13521 8604 Anbetung: adoramus te an, welches mit feierlich-füllreichem, aber zugleich fromm-milden Tone sich ausbreitet, und,
1967 8576 13521 8879 während die Seprane noch in fromm anbetendem Tone das te zu sanfter Terz zu einander treten lassen, fügen
1938 8850 13536 9197 die vier unteren Stimmen mit ernst kräftiger Weise das glorificamus te ein und an und schliessen so den alle die
1967 9168 13521 9501 verschiedenen Töne des Preises und der Anbetung durchlaufenden Kreis in der Tiefe. Ueber ihrem Schlusstone hört
1967 9487 13536 9805 man nun mit milden Tönen und Accorden von den vier höheren Stimmen die Worte des Dankes anstimmen, nicht
1967 9747 13521 10094 ohne reiche Betonung des tibi; aber dieser milde Dank steigert sich bei den Worten propter magnam gloriam tuam
1981 10065 13492 10383 (wo die ganze Gestaltung der Stelle universum stratum ejus versasti der Motette angewandt wird) zu reichen
1938 10340 13507 10716 mächtigem Preise, zu dem sich alle Stimmen vereinigen in kräftig gebautem, sich beständig imitirenden und in der
1923 10730 13550 11063 reichsten rhythmischen Mannichfaltigkeit sich ergehenden Gängen, aus welchen noch vier der Stimmen, während die
1923 10991 13550 11352 oberste und unterste sanft abnehmend einen Schluss bilden, mit einem besonderen, aus dem von der ewigen Glorie
1938 11280 13536 11627 tief durchdrungenen Gemüthe fromm aufsteigenden Nachhalle hervortreten. Ehe er ganz ausgeklungen, stimmen die
1938 11598 13507 11931 unteren Stimmen in tiefer, ernster Frömmigkeit ihr „Herr Gott, König des Himmels“ an, nachelnander eintretend
1938 11844 13507 12220 mit dem besonders betonten Domine und Neus, bei rex coelestis aber zusammentretend zu ausdrucksvoll in die
1938 12220 13492 12552 Höhe steigender und wieder sanft sich niederbeugender Declamation — ein innig frommes Gebet eines den König
1938 12523 13492 12856 der Herrlichkeit anbetenden Gemüthes, welches seinen ernsten Character zumeist durch die zu dem Worte rez von
1938 12798 13507 13174 der Höhe und Tiefe in Gegenbewegung zum f-Accorde zu einandertretenden Stimmen erhält, von wo ab diese Worte
1923 13116 13507 13478 res coelestis mit dem feierlichsten Harmonieenwechsel gebetet werden. In dieses ernste Gebet nacheinander einfallend
1952 13463 13507 13810 steigen die höchsten Stimmen mit dem Deus Pater empor, die tieferen antworten und alle vereinigen sich zu einem
1938 13738 13492 14071 breiten, gewichtigen, von dem zweiten Sopran schon glänzend verkündeten omnipotens, welches der erste Tenor noch
1923 14027 13507 14418 einmal der Fanfare gleich im Octavenrufe in den Schluss hinein erklingen lässt. Es folgen nun in ähnlicher Weise
1923 14331 13420 14649 die ferneren Anrüfe: Domine Fili unigenite Jesu Christe, Domine Deus Agnus Dei, Filius Patris (in dieser drei¬
1923 14635 13507 14982 fachen Gliederung) so zwar, dass jedesmal dem Domine durch das Nacheinandereintreten der Stimmen (nur zu
1909 14910 13536 15300 unigenite haben sie sich nicht ohne Bedeutsamkeit zusammen gezogen) der reichste Ausdruck verliehen ist — am
1938 15199 13507 15531 reichsten das zweitemal, wo der Anruf von oben herab durch alle Stimmen hindurch erklingt — und dass sich zu
1938 15531 13449 15893 dem Jesu Christe, dem Agnus Dei, dem Filius Patris die sechs Stimmen zu breitem ausdrucksvollen Zusammen¬
1938 15821 13507 16327 klange vereinen, bei dem Jesu Christe mit besonders frommen Sextengange, beim Agnus Dei in zweifacher Weise,
