14122 18522
709 1215 12282 1866 zuerst mit durch das compactere Zusammentreten der rhythmisch mannichfaltigsten Stimmen und ihre Führung in
738 1779 12267 2141 die Höhe gesteigertem Ausdrucke, dann mit zarterem, bloss in die vier höheren Stimmen verlegtem frommen
723 2069 12282 2430 Nachklange, worauf alsdann des Filius Patris mit der ganzen Glorie der Anbetung verherrlicht wird: von unten
680 2372 12311 2749 auf steigt der anbetende Anruf imitirend durch die Stimmen, wie zu den Wolken erhebt er sich und senkt sich
723 2676 12296 3067 demüthig und anbetend nieder — überblicken wir bei dem damit eintretenden Abschnitte die Reihe der frommen
723 2995 12311 3385 Anrüfe, die sich zuletzt folgten: durch das jedesmal ausdrucksvolle Nacheinandereinfallen der Stimmen, durch ihre
781 3298 12340 3674 Vereinigung und Trennung, durch ihre verschiedenen Combinationen zu kleinen und vollen, höheren und tieferen
752 3588 12311 4022 Chören und durch die Mannichfaltigkeit und Bedeutsamkeit der rhythmischen Führungen ist ein Reichthum des Klanges
723 3891 12311 4296 und des Ausdruckes gegeben, der so nur in der Zeit geübt wurde, als die blossen menschlichen Stimmen zum
752 4239 12065 4600 Gebete der Kirche verwendet und die verhältnissmässig einfachen Mittel in ihrer ganzen Tiefe ausgebeutet wurden
1837 4557 12311 4933 Mit feierlichem Ernst stimmt nun ein höherer Chor (die vier ersten Stimmen) das Gebet an: Qui tollis
738 4875 12311 5237 peccata mundi, nach ernster Schlusswendung das miserere nobis mit flehend hervortretendem Tone beginnend und
723 5164 12311 5526 in sanft geschlossenen Accorden ganz demüthig bittend niedersteigend, und, nachdem ein tieferer (aus den beiden
723 5497 12296 5815 mittleren und den tiefsten Stimmen gebildeter) Chor wörtlich und ganz in gleicher Weise (Sopr. 2 wird Tenor 2
723 5786 12311 6134 Sopr. 1 Alt, Alt Tenor 1, Tenor Bass) das qui tollis peccata mundi wiederholt hat, singen die drei höchsten
723 6047 12325 6423 Stimmen das suscipe in unübertrefflich zarten, kindlich flehenden und frommdrängenden Gängen, und, wie die zweite
738 6365 12296 6712 Stimme das deprecationem angeklungen hat, so fallen alle demüthig in dieses Wort der Bitte ein, welchem bei den
752 6654 12311 7031 feierlichen Ruhe und Milde, womit es in der tieferen Lage der Stimme gebetet wird, doch durch die Verschiedenheit
738 6973 12340 7349 des Rhythmus und des Wortfalles in den einzelnen Stimmen die grösste Entfaltung und Ausbreitung verliehen ist,
709 7291 12296 7653 so dass das deprecationem nostram nur nach und nach in den Stimmen nach unten hin verklingt (in der Accorden
723 7624 12296 8000 folge stimmt diese Stelle mit et vivificet eum in der Motette). Mit dem vom ersten Sepran eingeführten, von
723 7899 12325 8275 zweitencepran sofort durch die Terz gesteigertem qui sedes führen die Accorde in beständiger, ernst kräftiger
723 8217 12325 8564 Steigerung über ad dexferam zu dem preit und glänzend festgehaltenen Patris, und der auf den kräftigen Einsatz der
723 8506 12311 8868 beiden untersten Stimmen geschlossen zusammentretende Chor singt mit breitgehaltener, ausdrucksvollster Betonung der
738 8824 12340 9172 Hauptsilbe zum letztenmale das miserere, was unter dem angelegentlichen Nachrufe des nobis im zweiten Soprane
723 9099 12354 9504 sanftbittend verklingt. Da setzt der Sepran das quoniam fu solus sanctus ein und (es folgt die Stelle des Dominus
723 9475 12311 9794 conservet eum der Motette) der Ton des Preises ist nach feierlicher Ankündigung durch das von den nacheinander
738 9736 12340 10069 eintretenden Stimmen gedehnte quoniam wieder angeklungen, der sich nun in reicher Mannichfaltigkeit ergeht; fu solus
738 10040 12369 10387 sanctus, fu solus Dominus klingt es begeistert in ernst-freudigen Rufen durch die verschiedenen Stimmen hindurch, durch
738 10358 12340 10705 deren Mannichfaltigkeit es immerfort wie von zwei sich folgenden Chören erklingt, von denen dem höheren der tiefere
738 10633 12325 11023 antwortet, das lu solus altissimus tragen zweiter Sepran und Bass glänzend in die Höhe und die anderen Stimmen
781 10965 12340 11298 folgen in geschlossener, schlagender Antwort, aber das Jesu Christe wird mit ernsteren Tönen angehalten, von den
767 11255 12340 11602 verschiedenen Stimmen nacheinander ernst betont und fromm ausgebreitet. Und in ebenfalls gewichtigen, nach und
738 11573 12340 11920 nach zu einandertretenden ausdrucksvollen Terzen- und Sextengängen tritt das cum sancto Spiritu hinzu mit sich
767 11877 12354 12224 fromm zusammenziehender Schlusswendung, über welche nun der zweite Sepran und erste Tenor mit in gloria Dei
752 12166 12354 12542 Patris weiter schreiten, welches in ganz besonderer Weise und mit besonderen Mitteln geschildert ist, so dass es
738 12499 12325 12832 eine Steigerung alles Vorhergehenden nach der, gleich durch den C-moll Uebergang characterisirten, ernstkräftigen
767 12803 12325 13106 Seite hin ausmacht; während der erste Sepran es wie mit der Feierlichkeit des Choraltones vorträgt, ruft der zweite
752 13049 12340 13454 Sopran in dreimaligem Absatze in scharf markirter, klingender Folge und füllen die unteren Stimmen, namentlich
767 13381 12354 13728 der Bass mit breiten Achtelgängen, alle Eugen der zwischen F-dur und D-moll sich umschwingenden Accorde aus
767 13700 12340 14047 und es zieht sich immer ernster zusammen zu den Worten „Gott des Vaters,“ den man in reichster Mannich¬
767 14003 12340 14379 faltigkeit mit ernster Feierlichkeit durch alle Stimmen hindurch anbeten hört, bis dass das Gebet bei immer breiter
796 14322 9027 14669 werdender Bewegung durch ein würdevoll verhallendes Amen abgeschlossen wird.
