14167 18500
6898 1783 8377 2217 Credo.
2898 2420 13420 2783 Auch hier ist der Anfang eine Paraphrasse des Motettenanfangs, wobei das Patrem in der Weise des
1797 2725 13406 3116 terra im Gloria dargestellt wird (nur declamiren hier ausserdem drei der Stimmen nacheinander das Wort feierlich
1826 3029 13406 3362 in langen Tönen) und das omnipotentem unter drängenderem Rhythmus in der Weise des eleison im Kyrie, so dass
1812 3348 13435 3667 sich auf der betonten Silbe dieses Wortes nach beständiger Steigerung der volle Klang der Stimmen entladet, welche
1841 3652 13449 4000 Hervorhebung noch dadurch verschärft ist, dass der zweite Tenor das ganze Wort schon in längeren Tönen und
1812 3942 13406 4290 auch der erste Tenor die betonte Silbe desselben schon auf dem Auftacte vorhergeschickt hat. In prägnanter Weise
1826 4261 13275 4652 bilden nun die vier unteren Stimmen (Alles, wie in der Motette) den B Accord zu dem „Schöpfer“ (factorem)
1812 4551 13348 4913 den auch die beiden oberen Stimmen gewichtig in hohen Terzen hervorheben, worauf die Stimmen sich weit aus
1812 4869 13391 5217 breiten: dercepran steigt in die Höhe, die Bässe schreiten nach der Tiefe, und wie sie unten angelangt sind, decla¬
1812 5188 13406 5536 mirt dercepran ruhig in der unteren Octave das den Abstand gleichsam malende et terra. Nun singen die oberen
1870 5464 13406 5811 Stimmen mit hellem Klange das in dem zweiten Sepran mit scharfem Accente eingesetzte visibilium und mit noch
1812 5797 13391 6101 markirterer, von ernstem Accordeneintritt unterstützter Declamation omnium, worauf im Gegensatze zum „Sichtbaren“,
1826 6072 13406 6507 von nur drei tieferen Stimmen behutsam leise und wie mit in die Weite zeigender Modulation et invisibleum ruhig
1797 6406 13377 6754 ausgesungen wird. Auf dem verhallenden Schlusstone setzt der Alt den Anfang des neuen Glaubens-Artikels ein,
1826 6739 13406 7072 der erste Sopran antwortet in der Octave, bedeutungsvoll hinweisend auf das Kommende und feierlich wird nun
1841 6985 13435 7348 von den drei oberen, um einer reich und ausdrucksvoll sich wiederholenden Declamation willen frei einher schreitenden
1884 7304 13420 7667 Stimmen et in unum Dominum mit frommer Schlusswendung vorgetragen, denn der Name des Heilandes soll, vom
1812 7609 13435 7956 Bass zuerst in feierlichem Tone angestimmt, von den nacheinander zusammentretenden Stimmen mit heiliger Ehrfurcht
1870 7927 13406 8290 gesungen werden. In den fromm in den C-dur Accord sich aufklärenden Schluss setzt der Tenor hell betonend
1797 8232 13420 8609 das Filium ein, die drei hohen Stimmen antworten sofort in geschlossener Reihe, jede Stimme betont das Dei, dessen
1812 8551 13391 8913 lange Silbe der Tenor mit einem nachdrücklichen Gange ausfüllt; zu dem unigenitum gehen drei Stimmen geschlossen
1783 8840 13406 9203 zusammen und dercepran bekräftigt es gleichsam, indem er es selbstständig nachsingend verdoppelt, da steigt vom
1826 9130 13435 9478 Tenor verkündigt aus der Tiefe durch die Stimmen hindurch in tonziehenden Terzengängen mächtig in die Höhe
1797 9449 13406 9811 das et ex Patre natum, dem sich das ante omnia secula in grossartiger Zeichnung anfügt mit dem langgedehnten
1783 9768 13435 10101 ante, der ernstkräftigen Wendung zu omnia und dem aufsteigenden, bei der weiten Ausbreitung der Stimmen wie
1797 10029 13391 10435 in die unendliche Ferne gerufenen und allmählig unter dem Echo der tieferen Stimmen verklingenden saecula,
1768 10348 13420 10695 Am Schlusse dieser in die Weite zeigenden Accorde richtet sich bestimmt und fest, sowie auf sicheren Stufen der
1841 10681 13377 11014 glaubenstreuen Zuversicht in schlagenden Imitationen des Alt, Sophia 2, Sepran 1, Tenor 1 das Deum de Deo auf
1826 10985 13406 11333 wobei die Soprane wie in freudigem Bekenntnisse sich zu hellen Terzen in die Höhe schwingen, lumen de lumine
1797 11246 13406 11608 hört man alsdann mit bestimmt zusammentreffenden kräftigen Tönen beginnen und in den hellen Accord zu dem
1855 11551 13391 11884 Worte lumme endigen mit beständig erklingendem, von den sich aufnehmenden beiden Sepranen hergestelltem c als
1812 11855 13406 12217 oberem Tone. Und in dem bewegteren dreithelligen Tacte setzen alle Stimmen in schwungreichem freudigem Klange
1783 12203 13391 12536 das Deum ein, hineilend zu dem in aller Pracht der Declamation hervorgehobenen und von schönem Terzengange zweien
1826 12478 13406 12840 Mittelstimmen umkleideten verum, was sich Alles bei de Deo vero wiederholt, wo sich alle Stimmen mit ebenso
1783 12782 13406 13145 ausdrucksvollem als frommem Klange zu dem cero vereinigen, dessen letzte Silbe sich fromm in den D dur Accord
1768 13101 13420 13449 auflös’t und zu dem graden Facte zurückführt, in welchem nun das Bekenntniss in früherer Weise fortschreitet.
1841 13391 13362 13739 Von dem Tenore fest vorgeschlagen singen die übrigen Stimmen mit dem Tone fester Zuversicht genium und wieder
1812 13666 13391 14029 von den unteren Stimmen scharf hervorgehoben und von den oberen bekräftigend wiederholt, non factum; die vier
1812 14000 13406 14348 unteren Stimmen fügen mit fest markirten sich aufnehmenden Einsätzen der je zwei und zwei sich imitirenden
1783 14304 13391 14637 Stimmen und ernsten, kräftigen Tönen das consistantialem mit feierlich-frommem Patri hinzu. Zu dem nun wieder
1812 14608 13391 14971 in der Höhe wie vom anderen Chore angeknüpften, dann aber in der Tiefe fortgesetzten und zu allen Stimmen sich
1768 14927 13391 15275 ausbreitenden per quem omnia facta sunt ist wie bei dem drängenderen Schlusse des Christe eleison die Stelle
1768 15217 13391 15579 conservet eum Dominus benutzt; von den unruhig sich imitirenden und dadurch von Viertel zu viertel den Accord
1812 15521 13391 15884 immer auf gleiche Weise wechselnden Stimmen wird hier die Mannichfaltigkeit des omnia geschildert, bis sie zuletzt
1783 15811 13362 16333 von der Gegenbewegung des Soprans und Basses gleichsam zu kräftigem Schlusse dieser Schilderung zusammengefassst
