14267 18522
811 1303 12381 1810 werden. Auf den letzten Tönen dieses Abschnittes beginnt eine neue Periode voll wunderbar reichen Ausdruckes
796 1767 12367 2158 qui propter nos homines et propter nostram salutem, welche Worte mit der tiefsten Innigkeit des Gefühles darge¬
796 2085 12367 2476 stellt sind: Dank und Ehrfurcht und Demuth sind es vereint, welche hier den sanften Gang der Stimmen leiten
811 2447 12381 2766 von denen hier die höhere, zuerst unter Leitung des zweiten Sepranes mit dem qui propter nos hommes beginnen,
825 2694 12410 3070 worauf vom ersten Seprane feierlich wie im Choraltone das et propter nostram salutem darübergesetzt wird, was
796 3012 12396 3360 nun der zweite Tenor in gleicher Weise gewichtig, alle übrigen Stimmen mit rhythmisch und etwas verkürzten
825 3331 12338 3664 Imitation wiederholen; „der göttliche Helfer, der um uns armer verlorener Menschen willen“ — so ernst und wehmüthig
796 3591 12396 3968 klingt die ganze Stelle, welche mit einem hervortretenden, nachdrücklichst denkenden salutem endet, dem sich nun
825 3924 12410 4286 die ruhige, aber reiche Schilderung des descendit einfügt; in zweimaliger Folge steigen die Stimmen nach der Reihe
796 4214 12439 4576 sich imitirend nieder und ruhen nun auf einem tiefen, zurückhaltenden de coelis, mit feierlicher Schlusswendung, wie
796 4518 12410 4967 in Anbetung niedersinkend vor dem Geheimnisse der Menschwerdung Gottes, dem eine neue, abgesonderte Periode
898 4808 3070 5228 gewidmet werden soll.
1926 5011 12381 5517 Wie aus frischer Quelle schöpfend, mit erneuter frommer Geistessammlung wird nun die Menschwerdung
869 5402 12410 5792 gesungen. Ueber dem wie eine feierliche Ankündigung zuerst allein ertönenden el des Alt steigen die Stimmen in
840 5778 12410 6097 gedehnten Tönen, nach und nach selbstständig einfallend und voranschreitend, auf zu einem erhabenen ef incarnatus
782 6053 12425 6430 est; de Spiritu sancto hört man zweimal sich steigernd widerholen, jedesmal auf das sancto hindrängend, die
869 6372 12396 6719 Wiederholung durch höhere Stimmlage hervortretend, wobei der zweite Sepran, der überhaupt der Leiter in dieser
825 6661 12396 7023 ganzen Periode ist, es wie von hoher Zinne hell herabruft und mit einem sanftfrommen Gange überleitet zu einem
840 7038 12425 7356 ganz feierlich gedehnten sancto — und schon haben vier der Stimmen in tieferer Lage das ex Maria virgine gebracht,
811 7255 12396 7646 welches sie nun eben so milde als nachdrücklich, mit ehrfürchtiger Betonung des Namens und lieblich frommem
825 7574 12396 7965 Klange zu dem letzten virgine, vortragen — da ruft der Alt ein helles et hinein, dem sofort die feste Octave der
825 7892 12396 8225 beiden unteren Stimmen und durch die hinzutretenden übrigen Stimmen ein voller Accord als Auftaet folgt, und
796 8167 12396 8558 alle Stimmen vereinigen sich zu dem homo factus est, was sie nun in vollem Klange verkünden, so zwar, dass hier
782 8500 12425 8877 die Vollendung der göttlichen That in dem besonders betonten und von einer glänzend-milden Schlussformel um
796 8819 12396 9152 kleideten factus est hervorgehoben wird, die namentlich der in die Höhe gestiegene zweite Sepran mit dem ersten
840 9080 5170 9471 Tenor in Sexten sanft niedersteigend bildet.
1940 9181 12425 9760 Wieder ist dieses ernste Wort der Menschwerdung gesondert hingestellt und mit fromm verhallendem
825 9717 12353 10093 Accorde abgegränzt. Zwei Stimmen erklingen nun in die Stille und erzählen von dem „bitteren Leiden des mensch
840 10050 12367 10354 gewordenen Gottessohnes, beide dasselbe singend, indem die eine der anderen Schritt vor Schritt canonisch auf den
796 10325 12367 10673 Fusse folgt, wodurch nicht bloss die Feierlichkeit überhaupt, sondern auch der Ausdruck im Einzelnen erhöht wird
840 10615 12425 10991 Der Canon macht bestimmte Absätze, zuerst crucifixus etiam pro nobis, wobei das crucificus seine feierliche, das
825 10919 12367 11295 pro nobis seine gefühlvolle Ausdehnung erhält, durch welch' letztere sich beide Stimmen auf der Schlusssilbe ver
825 11266 12396 11585 einigen; dann wird das sub Pontio Pilato ebenso ernst und in derselben canonischen Weise vorgetragen; zu den
796 11556 12381 11918 passus et sepultus est wird der Ton noch ernster und zurückhaltender, mit schmerzlichem, in die Quinte absteigenden
825 11875 12396 12193 Rufe setzt die eine Stimme das passus ein, die andere wiederholt es klagend in der tieferen Terz und nach langem
796 12179 12439 12512 nachdrucksvollen Gange auf dem Worte ef, welcher wie mit tiefinnigem Seufzer das Leiden usque ad mortem, bis
796 12483 12367 12801 zu dem Tode hin, ausdrückt, fügt sich das sepultus est an, auf welchem die Stimmen in rührendem Tone nieder
825 12787 12410 13134 steigen, so zwar, dass sie einander enge nachfolgend zuletzt in heiliger Stille im Einklange zusammentreffen. Da
825 13062 12367 13424 ertönen in den wie in stiller Betrachtung verweilenden Schlusston von anderen Stimmen mit lebhafterer Bewegung
825 13381 12324 13714 die Worte der Auferstehung hinein, von Alt zuerst, dann in derselben Weise von Sepran und Tenor in Terzen
825 13699 12367 14061 et resurrexit tertia die wird abgesondert hingestellt, dann secundum scripturas, was von je zwei und zwei mit
825 13974 12425 14322 einander abwechselnden Stimmen in lebendigen Achtelterzgängen gesungen wird, bis sich, wie auch bei dem die des
811 14235 12396 14670 ersten Absatzes, auf dem letzten Worte alle breit vereinigen — es herrscht eine fromm-freudige Bewegung und
869 14612 12410 14974 glaubensstarke Zuversicht über dieser Verkündigung der Auferstehung. Mit et ascendit, wieder vom Alt angekünftigt
825 14901 12396 15249 und vom Sepran und Tenor in Terzen in hohe Lage geführt, steigen die Stimmen auf zu glänzender Declamation
840 15147 12425 15524 welche auf ascendit und wieder auf coelum verweilend und mit dem folgenden Worte ad in der höchsten Stimme
840 15495 12410 15857 wie bedeutsam hinweisend nach dem Orte der Herrlichkeit, vereint mit der glänzenden Accordenfolge zu coelum und
811 15799 12396 16205 sedet ad dexteram Patris wie eine glorreiche Verklärung hingemalt und als solche selbstständig hingestellt und
825 16132 3606 16567 verhallend abgegränzt wird.
