14300 18528
1954 883 2171 1303 V
2982 1317 13477 1838 Die nun zuerst wieder vereinten sechs Stimmen verkünden jetzt die Wiederkehr beim Weltgerichte;
1867 1737 13477 2186 et iterum hört man mit ernst hervortretender Declamation, welche durch den syncopisch nachschlagenden zweiten
1896 2128 13477 2519 Tenor noch verschärft wird — venturus est klingt es von den vier lhöheren Stimmen im Tone der ausrufenden
1911 2446 13159 2779 Verkündigung und die beiden unteren Stimmen widerholen es wie einen Nachruf der Zuversicht in die Weite
1882 2707 13492 3069 cum gloria hallt es in vielfältigem, aufsteigenden Anrufe durch die Stimmen hindurch — judicare vom zweiten
1896 3040 13477 3431 Soprane laut angekündigt, dann von allen Stimmen mit vollem Tone, vom ersten Seprane mit breitester Declamation
1867 3373 13477 3691 aufgenommen, in welche der erste Tenor und auch der zweite Sepran es noch einmal lebhaft hineinrufen, wird auf
1896 3677 13492 3995 diese Weise mit der ganzen Kraft und Feierlichkeit der Töne und mit einer harmonischen Schlusswendung (welche
1882 3952 13477 4285 noch von einem ernstmahnenden Gange des zweiten Sepranes umzogen wird) hingestellt, welche gleichsam den
1911 4270 13477 4647 Vorhang der Zukunft lüftet und jenes ernste Gemälde des Weltgerichtes näher rückt, zivos wird mit der ganzen
1896 4560 13477 4893 Lebendigkeit der in beständigen Imitationen, mit auf- und niedersteigenden Gängen einander abnehmenden Stimmen
1925 4922 13463 5240 geschildert und bei dem letzten schreitet der Sepran mit grossen Schritten nach der Tiefe, die Unruhe der Töne
1882 5197 13448 5559 wird von dem wie mit ernstem Finger mahnenden zweiten Seprane eingehalten, ei mortuos hört man in vielfachen
1882 5486 13463 5834 verhallendem Echo, unter ergreifender Accordenumlage bis in die unterste Tiefe hinab. Nach diesem wie in tiefer
1896 5776 13463 6152 Gruft verhallenden Todtenklange richten die Stimmen und Accorde rasch sich wieder auf Zu dem festen, feierlichen
1911 6109 13477 6399 Vortrage des cujus regni non erit finis, was besonders der zweite Sepran mit festen und ausdrucksvollen Tönen
1896 6355 13492 6731 vorträgt und wobei jedes Wort auf das prägnanteste von den verschiedenen Stimmen ausgedrückt wird, non erit
1882 6717 13463 7122 finis hört man zum Schluss mit gedehnten, von lang verhallenden Scho’s umgebenen Tönen wie in die Ewigkeit
1867 7021 13448 7383 hinweisend. Die oberen Stimmen schreiten weiter mit dem neuen Glaubensartikel: el in Spiritum und zu dem
1838 7325 13477 7658 sanctum neigen sich die Stimmen gleichsam ehrfürchtig nieder, wie auf frommer Leiter steigt der zweite Sepran
1853 7615 13448 7962 mit dem Worte empor und Dominum wird mit tiefem Ausdrucke gebetet. In den Schluss fallen die tieferen Stimmen
1867 7919 13448 8251 ein und singen kräftig und mit lebhaft prägnanter Declamation et vivificantem. Wieder beginnt ein höherer Chor
1853 8237 13362 8570 mit qui ex Patre Filioque procedit mit sorgfältigster Betonung zuerst des „Vaters,“ durch ausdrucksvolle Decla¬
1867 8527 13477 8859 tion im zweiten Seprane, dann des „Sohnes“ durch dreifache, klingende Hervorhebung durch die Stimmen hindurch,
1853 8816 13448 9192 endlich das procedit durch malerische Sinnbildung des „Ausganges“ in den Gängen der beiden Seprane. Mit
1853 9135 13419 9467 feierlicherem Toue und dem bald eintretenden Einklange aller Stimmen wird das qui cum Patre vorgetragen,
1824 9453 13463 9815 auf welchem der Accord ernst verweilt (in der ganzen Stelle ist die Weise des ego dixi Domine miserere
1824 9771 13405 10133 mei der Motette angewendet), et Filio wird von den zu tieferem und höherem Halbchore gruppirten drei und dre
1853 10047 13434 10408 Stimmen compact recitirt und bei dem adoratur neigen sich Stimmen und Accord sanft und fromm zu dem
1896 10351 13434 10698 Worte der Anbetung, welches über den tieferen, demüthigen Tönen der übrigen Stimmen der zweite Sepran¬
1853 10640 13391 11031 wie ein frommer Interprete begeistert in aufsteigendem Gange hervorhebt, bis sich die Stimmen zu lebhaften
1838 10959 13419 11306 klingenden Accorden vereinigen, et conglorificatur zu rufen, dem, wie diess in jener Zeit so durchgreifend und
1838 11291 13419 11624 ohne Unterlass geübt wird, durch die verschiedene Vertheilung der Silben unter die timmen der reichste Ausdruck
1853 11624 13434 11957 verliehen ist; denn die beiden Tenorstimmen hört man zuerst das et conglorificatur anstimmen und zwischen der
1838 11871 13434 12261 von ihnen in der Quinte langgehaltenen betonten Silbe des Wortes kommen alsdann die übrigen vier Stimmen mit
1853 12175 13434 12522 derselben Declamation hervor. Das Aehnliche geschieht gleich wieder zu den Worten: qui locutus est, wo der
1853 12450 13419 12826 vorangehenden Mittelstimme eine höhere und tiefere zusammen in Terzen folgt, bis sie sich bei dem Verweilen zu
1838 12783 13434 13159 per prophelas miteinander vereinigen, um diese Worte mit ehrfürchtiger Formel vorzutragen. Zu dem neuen Artikel:
1882 13144 13405 13477 „und eine heilige katholische und apostolische Kirche“ verbinden sich alle Stimmen und geben jedem der Worte
1824 13419 13405 13781 besonders seinen reichen Ausdruck, zuerst dem unam sanctam durch die vom zweiten Sepran geleitete, durch Accord
1824 13723 13419 14071 und Rhythmus und vielfältig in demselben Tacte gehäufte Betonung bewirkte ausdruckvollste Declamation, dann das
1810 13999 13448 14331 catholicam durch eine dreifach wiederholte, in der Tiefe hervortretend begonnene, in er Höhe klingend fortgesetzte
1824 14317 13419 14650 und noch einmal unten mit Festigkeit nachklingende, den weiten Inhalt des Wortes gleichsam ausmessende und
1810 14607 13419 14968 erschöpfende Schilderung, und mit der ganzen Fülle der nun zusammengehenden Stimmen hört man zum dritten
1810 14939 13405 15258 et apostolicam ecclesiam. Nach dem ehrfurchtsvoll gläubigen Schlusse des Wortes ecclesiam hört man von vier
1824 15229 13419 15562 Stimmen lebhaft wieder das Wort des Bekenntnisses einsetzen, confiteor wiedrholt die oberste Stimme, der sich
1810 15533 13419 15851 die sechste Stimme in deutlich hervortretendem Intervalle anschliesst, recht ausdrücklich; ebenso betont sie das
1810 15837 13405 16300 inzwischen von den übrigen Stimmen klingend ausgeprägte unum baptisma, über dieselben emporsteigend, noch
