14178 18506
11922 753 12357 1405 VII
753 1289 12357 1767 einmal nachdrücklich, bis sich bei den Worten in remissionem peccatorum die Stimmen wieder vereinzeln, um mit
768 1767 12328 2144 ernster Wendung und nachdenklichem Verweilen diese Erinnerung an die Sündenschuld fromm vorzutragen. Zwischen
797 2057 12386 2448 den ernst gezogenen Schlusstönen beginnen zwei einzelne Stimmen, einander canonisch auf dem Fusse folgend, in
782 2361 12386 2723 langem, festgebautem, die erschöpfende Zuversicht in die Zukunft malenden Gange et expecto, und resurrectionem
768 2680 12371 3013 ertönt es hell von allen Stimmen in lebhaften, schnellen, den Accord von Silbe zu Silbe wechselnden Tönen, zweimal
768 2970 12371 3346 zuerst mit aufsteigender Schlusssilbe des das Wort auf demselben Tone hell ausrufenden ersten Sepranes, dann
768 3259 12357 3578 aber mit niedersteigender Melodie, denn die Todten (mortuorum) sollen nun genannt werden: ernst und mit ruhigen
869 3578 12342 3955 Tönen und ergreifend niedersteigenden Accorden geschieht es. Noch sind die langhingezogenen ernsten Klänge
782 3882 12299 4230 nicht ganz verhallt, da beginnt der erste Tenor mit deutlichem, festen Octavenrufe den Glauben an die Unsterblich¬
768 4187 12342 4578 keit zu verkünden, alle Stimmen fallen klingend ein und es entwickelt sich nun die reiche Schilderung wie von der
797 4491 12342 4809 Herrlichkeit des seligen Lebens in der Ewigkeit; alle Stimmen überlassen sich, nachdem das Wort venduri in der
797 4809 12371 5172 breitesten und ausdrucksvollsten Weise hervorgehoben ist, den ohne Unterlass daherrollenden Gängen, in freudigstem
811 5128 12328 5476 Ausdrucke wogen sie auf und ab, in immer andern Combinationen verbinden sie sich zu fröhlich sanften Terzgängen
797 5461 12342 5794 nur nach und nach beruhigen sie sich von oben herab, wo zuerst das einhaltende Amen eingesetzt wird, während
782 5708 12328 6099 unten die begeisterte Schilderung noch fortrollt, venfuri saeculi klingt es noch einmal gehaltener und ernster und
768 6026 8518 6359 mit einem ruhig gedehnten Amen wird die selige Zuversicht fromm besiegelt.
5664 6649 7518 7316 Sanetus,
1854 7287 12197 7692 Der Anfang, ähnlich dem Credo auf das ausdrucksvolle Beatus der Motette gegründet, bringt das „Heilig
782 7562 12357 7967 zuerst in einem aus der Tiefe rasch aufsteigenden frommen Ausrufe, dem sich nach und nach die Stimmen nach
753 7924 12328 8286 unten hin mit ihrem feierlichen Rufe anschliessen, so dass das Wort ununterbrochen an’s Ohr schlägt, dass der
782 8199 12357 8576 Klang immer reicher und voller hervorquillt und endlich, da das ganze Feld eingenommen ist, von den vereinten
768 8518 12357 8851 Stimmen ein breites Sanctus sich mächtig entfaltet, welches unter der frommbetenden Schlussformel der Mittelstimmen
739 8837 12357 9184 sanft abnehmend verhallt. Da setzt der erste Sepran in preisendem hellen Tone das „Herr Gott“ ein, welches in
724 9141 12371 9517 zweifacher Imitationenreihe von je vier Stimmen, das zweitemal durch höhere Lage und klingendere Ilarmonie
797 9431 12342 9807 gesteigert, die übrigen Stimmen wiederhalten, so dass wie vielfaches Echo der begeisterte Ruf in den verschiedenen
739 9735 12357 10097 Stimmen umwandelt: Dominus hört man fast auf jedem Viertel die Tacte hindurch mit bestimmtester Declamation,
753 10039 12328 10358 und wieder Deus und ein sich feierlich ausbreitendes Sabaoth bildet den frommen Schluss dieses preisenden Gebetes
753 10314 12357 10662 Da stimmt dercepran hell das pleni sunt coeli an, die anderen fallen in geschlossenem Accorde frisch ein (die
797 10647 12371 10952 Stimmen sind geführt wie bei Dominus opem ferat illi in der Motette) und in zweimaliger Reihe, von einem höheren
739 10923 12357 11285 und dann einem tieferen vierstimmigen Chore, wird der Himmel mit lebendigen, glänzend verbrämten Tönen bedacht
753 11256 12357 11603 und et terra mit rückhaltenden, ruhigeren und zu einer Schlussformel sich zusammenziehenden Klängen bezeichnet,
753 11575 12357 11951 so dass diese Schilderung durch die ganze Ausdehnung der Stimmen von oben nach unten hindurchgetragen wird.
753 11864 12400 12241 Auf dem Schlusse des letzten terra wendet sich plötzlich gravitätisch der Accord: die Glorie des Herrn gilt es zu
724 12212 12342 12574 seildern, die hier der zweite Sepran mit dominirendem Tone einsetzt, der erste antwortet sofort und die beiden
739 12458 12386 12820 Stimmen ergehen sich über dem nun von den übrigen vier Stimmen in ernst-festen Accorden vorgetragenen gloria tun
782 12777 12357 13182 in lebhaften Gängen dem Preise seiner Herrlichkeit, zu gloria tua abwechselnd über- und untereinandersteigend
768 13110 12357 13443 und nochmal ruft der zweite Sepran lautpreisend das gloria und der Bass antwortet ihm klingend und beugt sich
753 13414 12328 13762 nach der Tiefe, der erstecepran wiederholt es begeistert in der höchsten Höhe, die Stimmen liegen weit auseinander
971 13718 12357 14081 — mit einem gewichtigen, langverhallenden faa wird diese fromme Schilderung der unendlichen Herrlichkeit
782 13979 12357 14370 geschlossen, welcher sich nun noch in dem dreitheiligen Tacte ein leichtbeschwingtes Hosanna in excelsis anknüpft.
782 14298 12357 14631 Ein dreimaliger fromm-freudiger Preisruf ist es, von denen jeder mit einem durch die verschiedene Declamation in
782 14602 12328 15037 den Stimmen und die weit auseinandergelegten Wiederholungen des Wortes in lebhaft spannendem Anlaufe das
782 14935 12313 15297 excelsis mit schlagend breitem Ausdrucke bringen und dann unter anmuthigen Schlusswendungen verhalten lassen
753 15211 12342 15573 so zwar,' dass der mittlere Ruf, bei welchem der zweite Tenor die Rolle des Basses übernimmt, wie ein höherer
797 15500 12371 15891 Engelsruf hervortritt, worauf dann der erste vollere aller Stimmen wieder eintritt und mit langem und nun ganz
797 15804 4636 16312 ruhig ausklingendem excelsis schliesst.
