<?xml version="1.0" encoding="UTF-8" standalone="yes"?>
<PcGts xmlns="http://schema.primaresearch.org/PAGE/gts/pagecontent/2013-07-15" xmlns:xsi="http://www.w3.org/2001/XMLSchema-instance" xsi:schemaLocation="http://schema.primaresearch.org/PAGE/gts/pagecontent/2013-07-15 http://schema.primaresearch.org/PAGE/gts/pagecontent/2013-07-15/pagecontent.xsd">
    <Metadata>
        <Creator>prov=READ-COOP:name=TrHtr:version=2.23.1:model_id=51170:date=22_02_2025_11:36</Creator>
        <Created>2025-02-21T17:02:36.336+01:00</Created>
        <LastChange>2025-02-22T11:36:02.779+01:00</LastChange>
        <TranskribusMetadata docId="7039316" pageId="91998789" pageNr="8" tsid="230767276" status="IN_PROGRESS" userId="131016" imgUrl="https://files.transkribus.eu/Get?id=EPAXOCSGRJQJENAINBZGCSMG&amp;fileType=view" xmlUrl="https://files.transkribus.eu/Get?id=XTDVEUDOWIZUULNNUYMLDAIO" imageId="76790937"/>
    </Metadata>
    <Page imageFilename="0008_bsb-lassu-misbequ-991077737359707356-fs-00017.jpg" imageWidth="14350" imageHeight="18467">
        <ReadingOrder>
            <OrderedGroup id="ro_1757316182240" caption="Regions reading order">
                <RegionRefIndexed index="0" regionRef="tr_2"/>
                <RegionRefIndexed index="1" regionRef="tr_1"/>
            </OrderedGroup>
        </ReadingOrder>
        <TextRegion id="tr_2" custom="readingOrder {index:0;}">
            <Coords points="1940,1054 13517,1054 13517,6571 1940,6571"/>
            <TextLine id="tr_2_tl_1" custom="readingOrder {index:0;}">
                <Coords points="1926,1347 1998,1347 2027,1318 2129,1332 2230,1260 2273,1289 2346,1289 2331,825 2259,825 2201,854 2042,782 1911,782"/>
                <Baseline points="2006,1110 2095,1104 2185,1116 2274,1116 2364,1122 2370,1122"/>
                <TextEquiv>
                    <Unicode>VI.</Unicode>
                </TextEquiv>
            </TextLine>
            <TextLine id="tr_2_tl_2" custom="readingOrder {index:1;}">
                <Coords points="2997,1752 13452,1767 13191,1202 2983,1274"/>
                <Baseline points="3074,1623 3164,1623 3253,1623 3343,1629 3433,1635 3522,1629 3612,1629 3701,1635 3791,1635 3880,1641 3970,1641 4059,1635 4149,1635 4239,1641 4328,1635 4418,1641 4507,1635 4597,1635 4686,1635 4776,1635 4866,1635 4955,1635 5045,1641 5134,1635 5224,1635 5313,1635 5403,1635 5492,1635 5582,1635 5672,1629 5761,1635 5851,1629 5940,1629 6030,1635 6119,1635 6209,1635 6298,1635 6388,1635 6478,1635 6567,1635 6657,1635 6746,1635 6836,1635 6925,1635 7015,1635 7104,1635 7194,1635 7284,1635 7373,1635 7463,1635 7552,1635 7642,1641 7731,1641 7821,1641 7911,1641 8000,1641 8090,1641 8179,1641 8269,1647 8358,1647 8448,1641 8537,1647 8627,1647 8717,1653 8806,1659 8896,1659 8985,1659 9075,1653 9164,1653 9254,1659 9343,1659 9433,1659 9523,1659 9612,1659 9702,1665 9791,1665 9881,1665 9970,1665 10060,1659 10149,1665 10239,1659 10329,1665 10418,1659 10508,1659 10597,1665 10687,1665 10776,1659 10866,1665 10956,1665 11045,1665 11135,1665 11224,1671 11314,1671 11403,1671 11493,1677 11582,1671 11672,1671 11762,1671 11851,1671 11941,1671 12030,1677 12120,1677 12209,1677 12299,1671 12388,1671 12478,1671 12568,1665 12657,1665 12747,1671 12836,1671 12926,1665 13015,1665 13105,1665 13194,1665 13284,1659 13374,1665 13463,1665 13493,1665"/>
                <TextEquiv>
                    <Unicode>Das benedictus ist zu zarterem Klange nur vier Stimmen zugetheilt. Zwei kleine fromme, ausdrucksvolle</Unicode>
                </TextEquiv>
            </TextLine>
            <TextLine id="tr_2_tl_3" custom="readingOrder {index:2;}">
                <Coords points="1911,2042 13481,2056 13293,1723 1897,1723"/>
                <Baseline points="1982,1934 2071,1928 2161,1934 2250,1934 2340,1934 2430,1940 2519,1940 2609,1934 2698,1940 2788,1928 2877,1934 2967,1940 3056,1940 3146,1940 3236,1934 3325,1934 3415,1940 3504,1946 3594,1940 3683,1946 3773,1940 3862,1940 3952,1940 4042,1946 4131,1940 4221,1940 4310,1940 4400,1940 4489,1940 4579,1940 4668,1940 4758,1940 4848,1940 4937,1946 5027,1940 5116,1946 5206,1946 5295,1946 5385,1946 5475,1946 5564,1946 5654,1946 5743,1946 5833,1940 5922,1940 6012,1940 6101,1940 6191,1940 6281,1940 6370,1940 6460,1946 6549,1946 6639,1946 6728,1946 6818,1946 6907,1946 6997,1940 7087,1940 7176,1940 7266,1940 7355,1940 7445,1940 7534,1940 7624,1946 7713,1946 7803,1946 7893,1946 7982,1946 8072,1952 8161,1946 8251,1952 8340,1946 8430,1946 8520,1946 8609,1952 8699,1952 8788,1952 8878,1958 8967,1964 9057,1958 9146,1964 9236,1964 9326,1964 9415,1958 9505,1958 9594,1958 9684,1964 9773,1964 9863,1964 9952,1964 10042,1964 10132,1970 10221,1970 10311,1970 10400,1970 10490,1964 10579,1964 10669,1964 10758,1958 10848,1964 10938,1964 11027,1970 11117,1970 11206,1970 11296,1970 11385,1970 11475,1976 11565,1976 11654,1976 11744,1976 11833,1976 11923,1970 12012,1970 12102,1970 12191,1970 12281,1970 12371,1970 12460,1970 12550,1970 12639,1976 12729,1970 12818,1970 12908,1970 12997,1970 13087,1970 13177,1970 13266,1970 13356,1970 13445,1964 13505,1958"/>
                <TextEquiv>
                    <Unicode>Thema's sind es, welche das benedictus darstellen und welche die zarte Meisterhand des Componisten so geleitet</Unicode>
                </TextEquiv>
            </TextLine>
            <TextLine id="tr_2_tl_4" custom="readingOrder {index:3;}">
                <Coords points="1911,2360 13090,2404 13408,2114 1897,2042"/>
                <Baseline points="1988,2244 2077,2244 2167,2244 2256,2250 2346,2244 2435,2244 2525,2250 2615,2244 2704,2244 2794,2250 2883,2250 2973,2250 3062,2244 3152,2244 3242,2244 3331,2244 3421,2244 3510,2244 3600,2244 3689,2244 3779,2244 3868,2244 3958,2244 4048,2244 4137,2250 4227,2250 4316,2244 4406,2250 4495,2250 4585,2250 4674,2244 4764,2244 4854,2244 4943,2244 5033,2244 5122,2244 5212,2250 5301,2250 5391,2250 5480,2250 5570,2250 5660,2250 5749,2250 5839,2244 5928,2244 6018,2250 6107,2250 6197,2250 6287,2250 6376,2250 6466,2250 6555,2250 6645,2250 6734,2250 6824,2244 6913,2256 7003,2256 7093,2256 7182,2256 7272,2256 7361,2256 7451,2250 7540,2250 7630,2256 7719,2256 7809,2256 7899,2256 7988,2256 8078,2256 8167,2262 8257,2262 8346,2256 8436,2256 8525,2256 8615,2256 8705,2256 8794,2262 8884,2262 8973,2262 9063,2262 9152,2262 9242,2262 9332,2268 9421,2268 9511,2268 9600,2268 9690,2268 9779,2274 9869,2274 9958,2274 10048,2280 10138,2268 10227,2268 10317,2274 10406,2274 10496,2280 10585,2280 10675,2274 10764,2274 10854,2274 10944,2280 11033,2274 11123,2280 11212,2280 11302,2274 11391,2274 11481,2280 11570,2286 11660,2280 11750,2280 11839,2274 11929,2280 12018,2280 12108,2280 12197,2280 12287,2274 12377,2274 12466,2280 12556,2280 12645,2274 12735,2274 12824,2274 12914,2274 13003,2268 13093,2268 13183,2268 13272,2268 13362,2262 13439,2268"/>
                <TextEquiv>
                    <Unicode>hat, daß jede der vier Stimmen sie beide singt, so zwar, dass jedesmal beide zugleich erklingen, wodurch, da dar</Unicode>
                </TextEquiv>
            </TextLine>
            <TextLine id="tr_2_tl_5" custom="readingOrder {index:4;}">
                <Coords points="1911,2621 13437,2635 13351,2346 1911,2360"/>
                <Baseline points="1988,2549 2077,2543 2167,2543 2256,2549 2346,2549 2435,2543 2525,2549 2615,2549 2704,2549 2794,2543 2883,2543 2973,2543 3062,2543 3152,2543 3242,2543 3331,2549 3421,2549 3510,2549 3600,2549 3689,2549 3779,2555 3868,2555 3958,2555 4048,2555 4137,2555 4227,2555 4316,2555 4406,2555 4495,2561 4585,2561 4674,2567 4764,2561 4854,2561 4943,2561 5033,2561 5122,2561 5212,2561 5301,2561 5391,2555 5480,2555 5570,2555 5660,2555 5749,2549 5839,2549 5928,2549 6018,2549 6107,2549 6197,2555 6287,2555 6376,2555 6466,2555 6555,2549 6645,2555 6734,2555 6824,2555 6913,2555 7003,2555 7093,2549 7182,2549 7272,2555 7361,2555 7451,2555 7540,2555 7630,2555 7719,2555 7809,2561 7899,2561 7988,2561 8078,2561 8167,2561 8257,2561 8346,2567 8436,2567 8525,2567 8615,2567 8705,2567 8794,2567 8884,2567 8973,2567 9063,2567 9152,2567 9242,2573 9332,2573 9421,2573 9511,2573 9600,2567 9690,2573 9779,2573 9869,2573 9958,2579 10048,2579 10138,2573 10227,2579 10317,2573 10406,2573 10496,2579 10585,2579 10675,2585 10764,2579 10854,2585 10944,2585 11033,2585 11123,2585 11212,2585 11302,2585 11391,2579 11481,2579 11570,2579 11660,2579 11750,2585 11839,2585 11929,2585 12018,2579 12108,2579 12197,2579 12287,2579 12377,2579 12466,2579 12556,2579 12645,2579 12735,2579 12824,2579 12914,2579 13003,2573 13093,2573 13183,2561 13272,2567 13362,2567 13451,2567 13475,2561"/>
                <TextEquiv>
                    <Unicode>eine preisend in die Höhe steigt, das andere aber anbetend in derselben Schwebe bleibt mit der durch einen frommen</Unicode>
                </TextEquiv>
            </TextLine>
            <TextLine id="tr_2_tl_6" custom="readingOrder {index:5;}">
                <Coords points="1926,2925 13452,2968 13148,2635 1926,2606"/>
                <Baseline points="2000,2841 2089,2853 2179,2847 2268,2853 2358,2853 2447,2853 2537,2853 2627,2859 2716,2859 2806,2853 2895,2853 2985,2853 3074,2853 3164,2853 3253,2853 3343,2853 3433,2853 3522,2865 3612,2865 3701,2865 3791,2865 3880,2859 3970,2859 4059,2865 4149,2859 4239,2859 4328,2859 4418,2859 4507,2859 4597,2853 4686,2865 4776,2865 4866,2865 4955,2865 5045,2865 5134,2859 5224,2859 5313,2859 5403,2853 5492,2859 5582,2859 5672,2859 5761,2853 5851,2853 5940,2853 6030,2853 6119,2853 6209,2859 6298,2865 6388,2865 6478,2859 6567,2859 6657,2859 6746,2853 6836,2853 6925,2853 7015,2853 7104,2853 7194,2859 7284,2859 7373,2853 7463,2853 7552,2859 7642,2865 7731,2859 7821,2865 7911,2859 8000,2865 8090,2871 8179,2871 8269,2871 8358,2871 8448,2865 8537,2871 8627,2865 8717,2865 8806,2871 8896,2871 8985,2871 9075,2871 9164,2871 9254,2871 9343,2871 9433,2871 9523,2877 9612,2883 9702,2883 9791,2883 9881,2883 9970,2883 10060,2883 10149,2883 10239,2883 10329,2883 10418,2883 10508,2883 10597,2889 10687,2889 10776,2889 10866,2895 10886,2887 11015,2895 11069,2889 11159,2895 11248,2895 11338,2889 11427,2889 11517,2883 11606,2889 11696,2883 11785,2883 11875,2877 11965,2877 12054,2877 12144,2877 12233,2883 12323,2889 12412,2883 12502,2883 12591,2877 12681,2877 12771,2877 12860,2877 12950,2877 13039,2871 13129,2871 13218,2865 13308,2865 13397,2865 13487,2871"/>
                <TextEquiv>
                    <Unicode>Gang betonten Hauptsilbe, die zweifache Modification des Ausdrucks immer gleichzeitig gehört wird und bei dem</Unicode>
                </TextEquiv>
            </TextLine>
            <TextLine id="tr_2_tl_7" custom="readingOrder {index:6;}">
                <Coords points="1897,3244 13437,3287 13423,2954 1882,2925"/>
                <Baseline points="1982,3164 2006,3164 2095,3164 2185,3158 2274,3164 2364,3164 2453,3158 2543,3158 2633,3158 2722,3152 2812,3158 2901,3164 2991,3164 3080,3158 3170,3164 3259,3164 3349,3164 3439,3164 3528,3164 3618,3164 3707,3170 3797,3170 3886,3164 3976,3164 4065,3164 4155,3164 4245,3158 4334,3164 4424,3164 4513,3158 4603,3164 4692,3164 4782,3164 4871,3164 4961,3164 5051,3164 5140,3164 5230,3164 5319,3164 5409,3164 5498,3164 5588,3164 5678,3164 5767,3164 5857,3164 5946,3164 6036,3164 6125,3164 6215,3164 6304,3164 6394,3164 6484,3164 6573,3164 6663,3158 6752,3158 6842,3158 6931,3164 7021,3164 7110,3164 7200,3164 7290,3164 7379,3164 7469,3170 7558,3164 7648,3164 7737,3170 7827,3170 7916,3164 8006,3170 8096,3170 8185,3170 8275,3170 8364,3170 8454,3176 8543,3176 8633,3170 8723,3170 8812,3176 8902,3176 8991,3176 9081,3176 9170,3176 9260,3182 9349,3176 9439,3176 9529,3176 9618,3176 9708,3182 9797,3182 9887,3182 9976,3182 10066,3182 10155,3182 10245,3188 10335,3188 10424,3188 10514,3188 10603,3188 10693,3188 10782,3188 10872,3182 10961,3188 11051,3188 11141,3188 11230,3188 11320,3188 11409,3188 11499,3188 11588,3182 11678,3176 11768,3188 11857,3188 11947,3188 12036,3188 12126,3182 12215,3182 12305,3182 12394,3182 12484,3182 12574,3176 12663,3176 12753,3176 12842,3176 12932,3170 13021,3176 13111,3176 13200,3170 13290,3170 13380,3170 13469,3158"/>
                <TextEquiv>
                    <Unicode>Aufsteigen des einen und der sich niederbeugenden Bewegung des anderen unter Auflösung der jedesmal zusammen¬</Unicode>
                </TextEquiv>
            </TextLine>
            <TextLine id="tr_2_tl_8" custom="readingOrder {index:7;}">
                <Coords points="1897,3562 13466,3577 13466,3287 12337,3244 1897,3287"/>
                <Baseline points="1976,3468 2065,3462 2155,3462 2244,3462 2334,3456 2424,3462 2513,3462 2603,3462 2692,3462 2782,3462 2871,3456 2961,3456 3050,3456 3140,3456 3230,3462 3319,3468 3409,3468 3498,3468 3588,3468 3677,3468 3767,3468 3856,3468 3946,3468 4036,3474 4125,3474 4215,3474 4304,3474 4394,3468 4483,3468 4573,3468 4663,3468 4752,3468 4842,3462 4931,3468 5021,3462 5110,3468 5200,3468 5289,3468 5379,3474 5469,3474 5558,3474 5648,3474 5737,3474 5827,3474 5916,3474 6006,3474 6095,3474 6185,3474 6275,3468 6364,3468 6454,3474 6543,3468 6633,3468 6722,3474 6812,3474 6901,3462 6991,3468 7081,3468 7170,3468 7260,3468 7349,3468 7439,3468 7528,3468 7618,3468 7708,3468 7797,3474 7887,3468 7976,3468 8066,3474 8155,3468 8245,3474 8334,3474 8424,3474 8514,3474 8603,3480 8693,3474 8782,3480 8872,3480 8961,3480 9051,3480 9140,3474 9230,3480 9320,3486 9409,3480 9499,3486 9588,3480 9678,3480 9767,3486 9857,3486 9946,3486 10036,3492 10126,3486 10215,3486 10305,3492 10394,3492 10484,3486 10573,3486 10663,3486 10753,3486 10842,3486 10932,3486 11021,3492 11111,3492 11200,3492 11290,3486 11379,3492 11469,3486 11559,3480 11648,3486 11738,3480 11827,3486 11917,3486 12006,3492 12096,3492 12185,3486 12275,3492 12365,3492 12454,3486 12544,3486 12633,3486 12723,3486 12812,3486 12902,3486 12991,3474 13081,3480 13171,3480 13260,3480 13350,3486 13439,3486 13505,3486"/>
                <TextEquiv>
                    <Unicode>treffenden Töne die Hauptsilbe des benedictus auf das ausdrucksvollste und innigste declamirt wird. Dieser erste</Unicode>
                </TextEquiv>
            </TextLine>
            <TextLine id="tr_2_tl_9" custom="readingOrder {index:8;}">
                <Coords points="1868,3808 13437,3881 13351,3562 1868,3548"/>
                <Baseline points="1952,3773 2041,3773 2131,3773 2221,3773 2310,3773 2400,3773 2489,3773 2579,3767 2668,3767 2758,3767 2847,3773 2937,3773 3027,3773 3116,3773 3206,3773 3295,3773 3385,3779 3474,3779 3564,3779 3653,3779 3743,3773 3833,3773 3922,3773 4012,3773 4101,3773 4191,3773 4280,3773 4370,3773 4460,3779 4549,3779 4639,3779 4728,3773 4818,3773 4907,3773 4997,3773 5086,3773 5176,3773 5266,3773 5355,3773 5445,3773 5534,3773 5624,3779 5713,3779 5803,3773 5892,3773 5982,3773 6072,3773 6161,3773 6251,3779 6340,3773 6430,3773 6519,3773 6609,3773 6698,3773 6788,3773 6878,3767 6967,3767 7057,3773 7146,3779 7236,3779 7325,3779 7415,3779 7505,3779 7594,3779 7684,3779 7773,3773 7863,3773 7952,3779 8042,3779 8131,3779 8221,3779 8311,3779 8400,3779 8490,3779 8579,3773 8669,3779 8758,3779 8848,3779 8937,3779 9027,3785 9117,3779 9206,3785 9296,3785 9385,3785 9475,3785 9564,3785 9654,3791 9743,3791 9833,3791 9923,3785 10012,3791 10102,3791 10191,3791 10281,3785 10370,3791 10460,3785 10550,3785 10639,3785 10729,3791 10818,3791 10908,3785 10997,3785 11087,3785 11176,3785 11266,3785 11356,3785 11445,3785 11535,3785 11624,3785 11714,3785 11803,3785 11893,3785 11982,3785 12072,3779 12162,3785 12251,3785 12341,3779 12430,3785 12520,3791 12609,3785 12699,3785 12788,3785 12878,3785 12968,3785 13057,3785 13147,3785 13236,3779 13326,3785 13415,3785 13457,3791"/>
                <TextEquiv>
                    <Unicode>Absatz mündet in ein mit breiten ausdrucksvollen Gängen aufgeführtes qui venit, und in den fromm ausgehaltenen</Unicode>
                </TextEquiv>
            </TextLine>
            <TextLine id="tr_2_tl_10" custom="readingOrder {index:9;}">
                <Coords points="1897,4156 13481,4185 13264,3837 1897,3823"/>
                <Baseline points="1976,4077 2065,4071 2155,4077 2244,4071 2334,4077 2424,4071 2513,4077 2603,4071 2692,4071 2782,4071 2871,4071 2961,4071 3050,4071 3140,4077 3230,4071 3319,4071 3409,4077 3498,4071 3588,4077 3677,4077 3767,4077 3856,4077 3946,4077 4036,4077 4125,4077 4215,4077 4304,4077 4394,4077 4483,4077 4573,4077 4663,4077 4752,4077 4842,4071 4931,4077 5021,4077 5110,4071 5200,4077 5289,4077 5379,4077 5469,4077 5558,4077 5648,4083 5737,4083 5827,4077 5916,4083 6006,4083 6095,4083 6185,4077 6275,4077 6364,4077 6454,4071 6543,4077 6633,4077 6722,4077 6812,4083 6901,4077 6991,4077 7081,4077 7170,4077 7260,4077 7349,4077 7439,4083 7528,4083 7618,4077 7708,4077 7797,4077 7887,4083 7976,4089 8066,4077 8155,4089 8245,4089 8334,4083 8424,4083 8514,4083 8603,4083 8693,4083 8782,4083 8872,4083 8961,4083 9051,4083 9140,4083 9230,4083 9320,4089 9409,4089 9499,4089 9588,4089 9678,4089 9767,4095 9857,4095 9946,4095 10036,4095 10126,4095 10215,4095 10305,4095 10394,4095 10484,4095 10573,4095 10663,4095 10753,4095 10842,4095 10932,4095 11021,4095 11111,4095 11200,4095 11290,4095 11379,4095 11469,4089 11559,4089 11648,4077 11738,4083 11827,4083 11917,4089 12006,4089 12096,4083 12185,4089 12275,4083 12365,4089 12454,4089 12544,4089 12633,4095 12723,4089 12812,4089 12902,4089 12991,4089 13081,4089 13171,4089 13260,4089 13350,4095 13439,4101 13517,4107"/>
                <TextEquiv>
                    <Unicode>Schlusston der oberen Stimme klingt es in zarten, schön declamirenden Terzen in nomine — ehe das Domini</Unicode>
                </TextEquiv>
            </TextLine>
            <TextLine id="tr_2_tl_11" custom="readingOrder {index:10;}">
                <Coords points="1897,4445 13466,4489 13293,4156 1897,4156"/>
                <Baseline points="1970,4394 2059,4388 2149,4388 2238,4388 2328,4388 2418,4388 2507,4394 2597,4388 2686,4388 2776,4394 2865,4394 2955,4388 3044,4388 3134,4388 3224,4394 3313,4394 3403,4400 3492,4400 3582,4400 3671,4400 3761,4400 3851,4394 3940,4394 4030,4394 4119,4388 4209,4388 4298,4388 4388,4388 4477,4388 4567,4388 4657,4394 4746,4394 4836,4394 4925,4388 5015,4388 5104,4388 5194,4388 5283,4388 5373,4382 5463,4382 5552,4382 5642,4382 5731,4382 5821,4382 5910,4382 6000,4382 6089,4382 6179,4382 6269,4382 6358,4382 6448,4382 6537,4382 6627,4382 6716,4394 6806,4388 6896,4388 6985,4382 7075,4382 7164,4382 7254,4388 7343,4388 7433,4382 7522,4382 7612,4382 7702,4388 7791,4388 7881,4388 7970,4388 8060,4388 8149,4382 8239,4394 8328,4394 8418,4394 8508,4388 8597,4388 8687,4388 8776,4388 8866,4388 8955,4394 9045,4388 9134,4394 9224,4394 9314,4394 9403,4394 9493,4394 9582,4400 9672,4394 9761,4394 9851,4394 9941,4394 10030,4394 10120,4388 10209,4388 10299,4388 10388,4394 10478,4394 10567,4394 10657,4394 10747,4394 10836,4394 10926,4394 11015,4394 11105,4394 11194,4400 11284,4400 11373,4394 11463,4400 11553,4394 11642,4394 11732,4400 11821,4400 11911,4394 12000,4394 12090,4388 12179,4394 12269,4400 12359,4400 12448,4406 12538,4394 12627,4394 12717,4394 12806,4400 12896,4394 12986,4394 13075,4388 13165,4388 13254,4388 13344,4388 13433,4388 13505,4394"/>
                <TextEquiv>
                    <Unicode>hinzugefügt ist, haben zwei andere Stimmen in höherer Lage das in nomine in einem Sextengange aufgenommen</Unicode>
                </TextEquiv>
            </TextLine>
            <TextLine id="tr_2_tl_12" custom="readingOrder {index:11;}">
                <Coords points="1882,4793 13452,4807 13452,4489 12771,4445 1882,4460"/>
                <Baseline points="1964,4698 2053,4698 2143,4692 2232,4692 2322,4698 2412,4698 2501,4692 2591,4698 2680,4692 2770,4692 2859,4692 2949,4692 3039,4686 3128,4692 3218,4692 3307,4686 3397,4692 3486,4692 3576,4692 3665,4692 3755,4698 3845,4698 3934,4692 4024,4692 4113,4692 4203,4692 4292,4692 4382,4692 4471,4692 4561,4692 4651,4692 4740,4692 4830,4698 4919,4698 5009,4692 5098,4692 5188,4686 5277,4686 5367,4692 5457,4686 5546,4686 5636,4686 5725,4692 5815,4692 5904,4692 5994,4692 6084,4692 6173,4692 6263,4692 6352,4692 6442,4692 6531,4692 6621,4692 6710,4692 6800,4692 6890,4692 6979,4692 7069,4692 7158,4692 7248,4692 7337,4692 7427,4686 7516,4686 7606,4686 7696,4692 7785,4686 7875,4686 7964,4686 8054,4692 8143,4692 8233,4692 8322,4692 8412,4692 8502,4692 8591,4686 8681,4686 8770,4686 8860,4686 8949,4692 9039,4692 9129,4692 9218,4692 9308,4692 9397,4692 9487,4698 9576,4698 9666,4692 9755,4692 9845,4698 9935,4698 10024,4698 10114,4698 10203,4698 10293,4698 10382,4698 10472,4698 10561,4698 10651,4692 10741,4698 10830,4698 10920,4698 11009,4698 11099,4698 11188,4698 11278,4698 11367,4698 11457,4692 11547,4698 11636,4692 11726,4692 11815,4698 11905,4692 11994,4698 12084,4692 12174,4698 12263,4698 12353,4698 12442,4698 12532,4698 12621,4698 12711,4692 12800,4692 12890,4698 12980,4692 13069,4698 13159,4698 13248,4692 13338,4692 13427,4692 13481,4704"/>
                <TextEquiv>
                    <Unicode>und nun wiegt es sich weiter in begeistert sich folgenden Terzen und Sexten, die zum Theil in fromm sich neigende</Unicode>
                </TextEquiv>
            </TextLine>
            <TextLine id="tr_2_tl_13" custom="readingOrder {index:12;}">
                <Coords points="1882,5039 13408,5097 13408,4764 1882,4793"/>
                <Baseline points="1958,4997 2047,4997 2137,4997 2227,4997 2316,5003 2406,4997 2495,5003 2585,5003 2674,5003 2764,5003 2853,5003 2943,4997 3033,5003 3122,4991 3212,4997 3301,4997 3391,4997 3480,5003 3570,5003 3659,4997 3749,5003 3839,4997 3928,4997 4018,4997 4107,5003 4197,5003 4286,5003 4376,4991 4465,4997 4555,5003 4645,4997 4734,4991 4824,4997 4913,4997 5003,4997 5092,4997 5182,4997 5272,4997 5361,4991 5451,4991 5540,4997 5630,4997 5719,4997 5809,4997 5898,4997 5988,4997 6078,4997 6167,4997 6257,4997 6346,5003 6436,4997 6525,5003 6615,5003 6704,4997 6794,4997 6884,4997 6973,4997 7063,4997 7152,5003 7242,4997 7331,4997 7421,4997 7510,4997 7600,4997 7690,5003 7779,4997 7869,4997 7958,4997 8048,4991 8137,4991 8227,4991 8317,4991 8406,4997 8496,4997 8585,4997 8675,4997 8764,4991 8854,4991 8943,4997 9033,4997 9123,4997 9212,4997 9302,4997 9391,4997 9481,4997 9570,5009 9660,5003 9749,5009 9839,5009 9929,5015 10018,5015 10108,5015 10197,5009 10287,5009 10376,5009 10466,5003 10555,5003 10645,5015 10735,5009 10824,5009 10914,5003 11003,5003 11093,5003 11182,5009 11272,5015 11362,5015 11451,5015 11541,5015 11630,5009 11720,5009 11809,5003 11899,5003 11988,5009 12078,5009 12168,5009 12257,5003 12347,5009 12436,5009 12526,5009 12615,5009 12705,5009 12794,5009 12884,5009 12974,5003 13063,5003 13153,5009 13242,5003 13332,5003 13421,5003 13439,5009"/>
                <TextEquiv>
                    <Unicode>oder aufsteigende Achtelgänge ausgehen, welche sich nach und nach immer enger folgen, bis in den zuletzt auf-</Unicode>
                </TextEquiv>
            </TextLine>
            <TextLine id="tr_2_tl_14" custom="readingOrder {index:13;}">
                <Coords points="1882,5358 13466,5416 13466,5082 1882,5039"/>
                <Baseline points="1958,5313 2035,5307 2125,5307 2215,5307 2304,5307 2394,5307 2483,5307 2573,5307 2662,5307 2752,5301 2841,5301 2931,5301 3021,5307 3110,5307 3200,5307 3289,5307 3379,5301 3468,5301 3558,5301 3648,5307 3737,5307 3827,5307 3916,5307 4006,5307 4095,5301 4185,5301 4274,5301 4364,5307 4454,5301 4543,5301 4633,5301 4722,5295 4812,5295 4901,5295 4991,5301 5080,5301 5170,5301 5260,5301 5349,5301 5439,5301 5528,5295 5618,5295 5707,5301 5797,5295 5886,5301 5976,5301 6066,5307 6155,5307 6245,5307 6334,5301 6424,5301 6513,5301 6603,5301 6693,5301 6782,5307 6872,5301 6961,5301 7051,5307 7140,5301 7230,5301 7319,5301 7409,5301 7499,5301 7588,5301 7678,5301 7767,5307 7857,5301 7946,5307 8036,5301 8125,5301 8215,5301 8305,5301 8394,5307 8484,5307 8573,5313 8663,5313 8663,5313 8752,5307 8842,5313 8931,5307 9021,5307 9111,5301 9200,5301 9290,5301 9379,5307 9469,5307 9558,5307 9648,5307 9738,5307 9827,5307 9917,5307 10006,5313 10096,5313 10185,5313 10275,5313 10364,5313 10454,5307 10544,5313 10633,5319 10723,5313 10812,5313 10902,5313 10991,5313 11081,5307 11170,5307 11260,5313 11350,5313 11439,5313 11529,5313 11618,5313 11708,5313 11797,5313 11887,5313 11976,5307 12066,5307 12156,5313 12245,5313 12335,5313 12424,5313 12514,5307 12603,5307 12693,5307 12783,5307 12872,5307 12962,5307 13051,5307 13141,5307 13230,5313 13320,5319 13409,5313 13499,5319"/>
                <TextEquiv>
                    <Unicode>steigend sich vereinigenden fromm-innigen Terzengang das zwar in jeder Stimme so gesungene, aber von den innigen</Unicode>
                </TextEquiv>
            </TextLine>
            <TextLine id="tr_2_tl_15" custom="readingOrder {index:14;}">
                <Coords points="1897,5705 13466,5749 13466,5416 12742,5372 1897,5372"/>
                <Baseline points="1982,5612 2071,5606 2161,5606 2250,5612 2340,5612 2430,5612 2519,5612 2609,5612 2698,5612 2788,5606 2877,5606 2967,5606 3056,5612 3146,5606 3236,5606 3325,5612 3415,5618 3504,5612 3594,5612 3683,5612 3773,5612 3862,5618 3952,5618 4042,5612 4131,5618 4221,5618 4310,5618 4400,5618 4489,5618 4579,5618 4668,5612 4758,5612 4848,5612 4937,5612 5027,5612 5116,5612 5206,5612 5295,5612 5385,5612 5475,5612 5564,5612 5654,5606 5743,5612 5833,5606 5922,5606 6012,5612 6101,5606 6191,5606 6281,5606 6370,5600 6460,5606 6549,5606 6639,5606 6728,5606 6818,5606 6907,5606 6997,5606 7087,5606 7176,5606 7266,5606 7355,5606 7445,5606 7534,5606 7624,5606 7713,5606 7803,5606 7893,5606 7982,5606 8072,5612 8161,5612 8251,5612 8340,5612 8430,5618 8520,5618 8609,5618 8699,5618 8788,5618 8878,5618 8967,5618 9057,5606 9146,5606 9236,5612 9326,5612 9415,5612 9505,5612 9594,5612 9684,5612 9773,5618 9863,5612 9952,5618 10042,5618 10132,5618 10221,5618 10311,5618 10400,5618 10490,5618 10579,5618 10669,5618 10758,5618 10848,5618 10938,5618 11027,5618 11117,5624 11206,5624 11296,5624 11385,5624 11475,5618 11565,5618 11654,5618 11744,5624 11833,5624 11923,5624 12012,5624 12102,5624 12191,5624 12281,5618 12371,5624 12460,5624 12550,5618 12639,5624 12729,5624 12818,5624 12908,5618 12997,5618 13087,5624 13177,5618 13266,5612 13356,5612 13445,5612 13487,5630"/>
                <TextEquiv>
                    <Unicode>Wiederholungen des in nomine noch immer wieder überdeckte Domini einfällt und nun nach solcher spannenden</Unicode>
                </TextEquiv>
            </TextLine>
            <TextLine id="tr_2_tl_16" custom="readingOrder {index:15;}">
                <Coords points="1882,5980 13466,6067 13466,5734 12858,5676 1882,5647"/>
                <Baseline points="1964,5922 2053,5916 2143,5916 2232,5916 2322,5916 2412,5916 2501,5916 2591,5916 2680,5922 2770,5922 2859,5916 2949,5916 3039,5904 3128,5910 3218,5916 3307,5916 3397,5922 3486,5922 3576,5922 3665,5916 3755,5922 3845,5928 3934,5922 4024,5910 4113,5916 4203,5922 4292,5916 4382,5922 4471,5922 4561,5922 4651,5922 4740,5928 4830,5922 4919,5916 5009,5916 5098,5916 5188,5916 5277,5910 5367,5910 5457,5922 5546,5916 5636,5922 5725,5922 5815,5916 5904,5910 5994,5910 6084,5922 6173,5916 6263,5916 6352,5916 6442,5910 6531,5910 6621,5910 6710,5910 6800,5910 6890,5910 6979,5910 7069,5910 7158,5916 7248,5916 7337,5916 7427,5910 7516,5910 7606,5904 7696,5910 7785,5910 7875,5910 7964,5910 8054,5910 8143,5910 8233,5910 8322,5910 8412,5910 8502,5910 8591,5916 8681,5910 8770,5910 8860,5910 8949,5916 9039,5910 9129,5916 9218,5916 9308,5916 9397,5910 9487,5910 9576,5910 9666,5916 9755,5916 9845,5916 9935,5916 10024,5916 10114,5916 10203,5916 10293,5922 10382,5922 10472,5922 10561,5922 10651,5922 10741,5922 10830,5922 10920,5922 11009,5922 11099,5916 11188,5916 11278,5928 11367,5928 11457,5922 11547,5928 11636,5922 11726,5922 11815,5916 11905,5922 11994,5922 12084,5916 12174,5922 12263,5922 12353,5922 12442,5922 12532,5922 12621,5922 12711,5922 12800,5922 12890,5922 12980,5916 13069,5916 13159,5916 13248,5916 13338,5916 13427,5922 13505,5922"/>
                <TextEquiv>
                    <Unicode>Erwartung mit der ganzen Kraft innig-frommen Ausdruckes zuerst durch die dritte, dann drängend nacheinander</Unicode>
                </TextEquiv>
            </TextLine>
            <TextLine id="tr_2_tl_17" custom="readingOrder {index:16;}">
                <Coords points="1882,6270 13452,6328 13090,5966 1882,6024"/>
                <Baseline points="1964,6215 2053,6221 2143,6221 2232,6227 2322,6221 2412,6221 2501,6221 2591,6221 2680,6221 2770,6221 2859,6221 2949,6221 3039,6227 3128,6221 3218,6221 3307,6221 3397,6227 3486,6227 3576,6227 3665,6227 3755,6227 3845,6233 3934,6233 4024,6233 4113,6227 4203,6227 4292,6227 4382,6227 4471,6233 4561,6227 4651,6227 4740,6227 4830,6227 4919,6233 5009,6233 5098,6227 5188,6227 5277,6221 5367,6221 5457,6221 5546,6227 5636,6227 5725,6221 5815,6221 5904,6227 5994,6227 6084,6227 6173,6221 6263,6221 6352,6221 6442,6221 6531,6221 6621,6221 6710,6221 6800,6221 6890,6227 6979,6221 7069,6221 7158,6221 7248,6221 7337,6221 7427,6221 7516,6221 7606,6221 7696,6221 7785,6215 7875,6215 7964,6215 8054,6221 8143,6221 8233,6221 8322,6215 8412,6215 8502,6221 8591,6221 8681,6221 8770,6221 8860,6221 8949,6227 9039,6221 9129,6221 9218,6221 9308,6227 9397,6227 9487,6227 9576,6227 9666,6233 9755,6233 9845,6233 9935,6227 10024,6227 10114,6227 10203,6233 10293,6227 10382,6233 10472,6227 10561,6227 10651,6227 10741,6227 10830,6227 10920,6227 11009,6233 11099,6227 11188,6233 11278,6233 11367,6233 11457,6233 11547,6233 11636,6233 11726,6239 11815,6233 11905,6233 11994,6233 12084,6227 12174,6227 12263,6227 12353,6227 12442,6233 12532,6221 12621,6227 12711,6233 12800,6227 12890,6233 12980,6233 13069,6233 13159,6233 13248,6227 13338,6227 13427,6227 13475,6233"/>
                <TextEquiv>
                    <Unicode>von der vierten, zweiten, ersten Stimme allein zum ausdrücklichen, breiten,, in vereintem, langen frommen Tone</Unicode>
                </TextEquiv>
            </TextLine>
            <TextLine id="tr_2_tl_18" custom="readingOrder {index:17;}">
                <Coords points="1853,6588 2013,6675 3012,6617 3432,6762 4011,6661 4127,6762 4460,6748 4576,6632 4880,6617 4880,6357 4677,6270 4547,6371 4141,6270 3244,6371 2809,6241 2635,6371 2346,6270 1853,6299"/>
                <Baseline points="1940,6537 2029,6543 2119,6543 2209,6543 2298,6543 2388,6543 2477,6543 2567,6543 2656,6543 2746,6543 2836,6543 2925,6543 3015,6537 3104,6537 3194,6543 3283,6537 3373,6537 3462,6543 3552,6549 3642,6543 3731,6543 3821,6549 3910,6549 4000,6555 4089,6555 4179,6561 4268,6549 4358,6555 4448,6549 4537,6549 4627,6549 4716,6549 4806,6549 4895,6555 4919,6555"/>
                <TextEquiv>
                    <Unicode>schliessenden Vortrag gelangt.</Unicode>
                </TextEquiv>
            </TextLine>
        </TextRegion>
        <TextRegion id="tr_1" custom="readingOrder {index:1;}">
            <Coords points="1910,7383 13517,7383 13517,13288 1910,13288"/>
            <TextLine id="tr_1_tl_1" custom="readingOrder {index:0;}">
                <Coords points="6473,7602 6748,7530 7008,7544 7095,7631 7616,7530 7921,7616 8369,7530 8891,7588 8891,7023 8572,7124 8340,7052 7950,7182 7559,7095 7428,7211 7254,7095 6791,7197 6632,7095 6473,7124"/>
                <Baseline points="6549,7457 6597,7457 6687,7451 6776,7463 6866,7475 6955,7469 7045,7469 7134,7457 7224,7451 7313,7451 7403,7451 7493,7445 7582,7445 7672,7445 7761,7451 7851,7457 7940,7451 8030,7457 8119,7445 8209,7439 8299,7439 8388,7439 8478,7439 8567,7433 8657,7445 8746,7439 8836,7439 8926,7439"/>
                <TextEquiv>
                    <Unicode>Agnus Dei.</Unicode>
                </TextEquiv>
            </TextLine>
            <TextLine id="tr_1_tl_2" custom="readingOrder {index:1;}">
                <Coords points="2983,8196 13466,8210 13104,7834 2983,7834"/>
                <Baseline points="3062,8102 3152,8102 3242,8102 3331,8108 3421,8102 3510,8102 3600,8102 3689,8108 3779,8108 3868,8108 3958,8108 4048,8108 4137,8114 4227,8114 4316,8114 4406,8114 4495,8114 4585,8114 4674,8114 4764,8108 4854,8114 4943,8108 5033,8108 5122,8108 5212,8108 5301,8108 5391,8102 5480,8102 5570,8102 5660,8108 5749,8108 5839,8108 5928,8108 6018,8102 6107,8096 6197,8102 6287,8102 6376,8102 6466,8102 6555,8102 6645,8096 6734,8096 6824,8102 6913,8096 7003,8102 7093,8096 7182,8096 7272,8096 7361,8090 7451,8090 7540,8090 7630,8090 7719,8090 7809,8090 7899,8090 7988,8090 8078,8090 8167,8084 8257,8090 8346,8084 8436,8084 8525,8084 8615,8084 8705,8078 8794,8084 8884,8084 8973,8078 9063,8078 9152,8078 9242,8078 9332,8078 9421,8078 9511,8078 9600,8078 9690,8084 9779,8090 9869,8090 9958,8090 10048,8090 10138,8090 10227,8090 10317,8090 10406,8084 10496,8084 10585,8084 10675,8078 10764,8084 10854,8084 10944,8084 11033,8090 11123,8084 11212,8084 11302,8084 11391,8090 11481,8090 11570,8096 11660,8090 11750,8090 11839,8090 11929,8096 12018,8090 12108,8090 12197,8096 12287,8096 12377,8096 12466,8096 12556,8090 12645,8096 12735,8096 12824,8096 12914,8096 13003,8096 13093,8096 13183,8096 13272,8096 13362,8096 13451,8096 13493,8114"/>
                <TextEquiv>
                    <Unicode>Das agnus Dei ist eine nicht bloss unter den Theilen dieser Messe, sondern unter deu Compositionen</Unicode>
                </TextEquiv>
            </TextLine>
            <TextLine id="tr_1_tl_3" custom="readingOrder {index:2;}">
                <Coords points="1853,8471 13437,8500 12960,8138 1853,8181"/>
                <Baseline points="1940,8400 2029,8394 2119,8400 2209,8406 2298,8400 2388,8400 2477,8400 2567,8400 2656,8400 2746,8400 2836,8400 2925,8406 3015,8400 3104,8400 3194,8406 3283,8406 3373,8406 3462,8406 3552,8406 3642,8412 3731,8406 3821,8406 3910,8400 4000,8394 4089,8406 4179,8406 4268,8406 4358,8406 4448,8406 4537,8412 4627,8412 4716,8406 4806,8406 4895,8406 4985,8412 5074,8406 5164,8406 5254,8406 5343,8406 5433,8406 5522,8406 5612,8412 5701,8412 5791,8412 5881,8406 5970,8406 6060,8406 6149,8406 6239,8406 6328,8406 6418,8400 6507,8400 6597,8400 6687,8394 6776,8394 6866,8394 6955,8394 7045,8394 7134,8388 7224,8388 7313,8388 7403,8388 7493,8388 7582,8382 7672,8388 7761,8388 7851,8388 7940,8388 8030,8388 8119,8388 8209,8382 8299,8388 8388,8382 8478,8388 8567,8388 8657,8388 8746,8388 8836,8382 8926,8382 9015,8382 9105,8376 9194,8382 9284,8382 9373,8388 9463,8388 9552,8382 9642,8388 9732,8382 9821,8388 9911,8382 10000,8382 10090,8382 10179,8382 10269,8382 10358,8382 10448,8382 10538,8388 10627,8382 10717,8388 10806,8388 10896,8388 10985,8394 11075,8388 11164,8394 11254,8394 11344,8394 11433,8388 11523,8394 11612,8394 11702,8394 11791,8400 11881,8400 11971,8400 12060,8400 12150,8400 12239,8394 12329,8394 12418,8400 12508,8394 12597,8394 12687,8394 12777,8394 12866,8394 12956,8394 13045,8400 13135,8400 13224,8406 13314,8400 13403,8400 13475,8412"/>
                <TextEquiv>
                    <Unicode>des Lassus überhaupt mit besonderer Eigenthümlichkeit hervortretende einfach und tief-fromme Composition: ein</Unicode>
                </TextEquiv>
            </TextLine>
            <TextLine id="tr_1_tl_4" custom="readingOrder {index:3;}">
                <Coords points="1853,8789 13394,8789 13394,8500 12713,8456 1853,8471"/>
                <Baseline points="1940,8711 2029,8705 2119,8705 2209,8705 2298,8705 2388,8705 2477,8699 2567,8699 2656,8705 2746,8705 2836,8693 2925,8699 3015,8699 3104,8705 3194,8705 3283,8705 3373,8705 3462,8705 3552,8705 3642,8705 3731,8705 3821,8705 3910,8705 4000,8705 4089,8705 4179,8705 4268,8705 4358,8699 4448,8705 4537,8705 4627,8705 4716,8711 4806,8711 4895,8705 4985,8705 5074,8705 5164,8705 5254,8705 5343,8705 5433,8705 5522,8711 5612,8705 5701,8705 5791,8705 5881,8717 5970,8711 6060,8705 6149,8705 6239,8699 6328,8699 6418,8699 6507,8705 6597,8699 6687,8699 6776,8705 6866,8699 6955,8699 7045,8699 7134,8699 7224,8699 7313,8699 7403,8705 7493,8699 7582,8705 7672,8705 7761,8699 7851,8699 7940,8699 8030,8699 8119,8699 8209,8705 8299,8705 8388,8693 8478,8693 8567,8693 8657,8693 8746,8699 8836,8699 8926,8699 9015,8693 9105,8699 9194,8693 9284,8699 9373,8699 9463,8699 9552,8699 9642,8693 9732,8693 9821,8699 9911,8699 10000,8699 10090,8699 10179,8693 10269,8693 10358,8687 10448,8693 10538,8693 10627,8693 10717,8699 10806,8693 10896,8693 10985,8699 11075,8699 11164,8699 11254,8693 11344,8693 11433,8693 11523,8699 11612,8699 11702,8693 11791,8693 11881,8705 11971,8705 12060,8705 12150,8705 12239,8699 12329,8699 12418,8699 12508,8699 12597,8699 12687,8699 12777,8699 12866,8699 12956,8699 13045,8699 13135,8699 13224,8699 13314,8705 13403,8711 13427,8711"/>
                <TextEquiv>
                    <Unicode>zweimaliger aus tiefster Brust emporsteigender angestrengter Anruf agnus Dei, der sich durch die geistreiche Führung</Unicode>
                </TextEquiv>
            </TextLine>
            <TextLine id="tr_1_tl_5" custom="readingOrder {index:4;}">
                <Coords points="1882,9151 13452,9108 13206,8760 1882,8746"/>
                <Baseline points="1958,9009 2047,9003 2137,9003 2227,9009 2316,9003 2406,9009 2495,9003 2585,9009 2674,9003 2764,9003 2853,9009 2943,9009 3033,9009 3122,9009 3212,9015 3301,9015 3391,9015 3480,9009 3570,9009 3659,9015 3749,9015 3839,9009 3928,9015 4018,9015 4107,9015 4197,9015 4286,9015 4376,9015 4465,9015 4555,9015 4645,9015 4734,9009 4824,9009 4913,9015 5003,9015 5092,9015 5182,9015 5272,9015 5361,9015 5451,9015 5540,9021 5630,9015 5719,9009 5809,9009 5898,9015 5988,9015 6078,9015 6167,9009 6257,9009 6346,9009 6436,9003 6525,9003 6615,9015 6704,9015 6794,9009 6884,9009 6973,9003 7063,9003 7152,9003 7242,9009 7331,9003 7421,9003 7510,8997 7600,9003 7690,9003 7779,8997 7869,8997 7958,8997 8048,8991 8137,8997 8227,8997 8317,8991 8406,8997 8496,8997 8585,8997 8675,8997 8764,8997 8854,8997 8943,8997 9033,8991 9123,8991 9212,8991 9302,8997 9391,8991 9481,8991 9570,8991 9660,8991 9749,8991 9839,8997 9929,8991 10018,8997 10108,8997 10197,8991 10287,8997 10376,9003 10466,9003 10555,8997 10645,8991 10735,8997 10824,8997 10914,8991 11003,8997 11093,8997 11182,8997 11272,9003 11362,8997 11451,9003 11541,9003 11630,9003 11720,8997 11809,8997 11899,9003 11988,9003 12078,9003 12168,9003 12257,9003 12347,9003 12436,9003 12526,9003 12615,9003 12705,9003 12794,9003 12884,9003 12974,9009 13063,9003 13153,9003 13242,9003 13332,9003 13421,9009 13493,9021"/>
                <TextEquiv>
                    <Unicode>der Stimmen in zwei Chöre vertheilt, von denen der zweite den ersten in der Tiefe wiederholt — und alle sinken</Unicode>
                </TextEquiv>
            </TextLine>
            <TextLine id="tr_1_tl_6" custom="readingOrder {index:5;}">
                <Coords points="1853,9369 12858,9484 13452,9108 1868,9151"/>
                <Baseline points="1946,9308 2035,9308 2125,9314 2215,9314 2304,9314 2394,9314 2483,9320 2573,9320 2662,9314 2752,9308 2841,9308 2931,9308 3021,9308 3110,9314 3200,9314 3289,9314 3379,9314 3468,9314 3558,9320 3648,9320 3737,9320 3827,9320 3916,9320 4006,9320 4095,9314 4185,9320 4274,9320 4364,9320 4454,9320 4543,9320 4633,9320 4722,9314 4812,9314 4901,9314 4991,9314 5080,9320 5170,9320 5260,9320 5349,9320 5439,9326 5528,9320 5618,9314 5707,9320 5797,9320 5886,9320 5976,9314 6066,9314 6155,9314 6245,9314 6334,9314 6424,9308 6513,9314 6603,9308 6693,9314 6782,9314 6872,9314 6961,9314 7051,9308 7140,9308 7230,9308 7319,9308 7409,9302 7499,9308 7588,9302 7678,9302 7767,9302 7857,9302 7946,9302 8036,9302 8125,9308 8215,9308 8305,9302 8394,9302 8484,9302 8573,9302 8663,9302 8752,9302 8842,9302 8931,9308 9021,9302 9111,9302 9200,9296 9290,9302 9379,9302 9469,9302 9558,9302 9648,9302 9738,9302 9827,9302 9917,9302 10006,9302 10096,9302 10185,9308 10275,9308 10364,9302 10454,9302 10544,9308 10633,9302 10723,9302 10812,9302 10902,9302 10991,9302 11081,9302 11170,9302 11260,9308 11350,9302 11439,9308 11529,9308 11618,9308 11708,9308 11797,9314 11887,9308 11976,9314 12066,9314 12156,9314 12245,9314 12335,9320 12424,9320 12514,9314 12603,9308 12693,9314 12783,9314 12872,9320 12962,9326 13051,9320 13141,9314 13230,9314 13320,9308 13409,9314 13481,9314"/>
                <TextEquiv>
                    <Unicode>anbetend auf die Kniee und es singen nicht, sondern beten (in der Weise der Recitation einer Menge) wie aus</Unicode>
                </TextEquiv>
            </TextLine>
            <TextLine id="tr_1_tl_7" custom="readingOrder {index:6;}">
                <Coords points="1897,9716 13481,9731 13322,9383 1897,9412"/>
                <Baseline points="1970,9618 2059,9612 2149,9612 2238,9612 2328,9612 2418,9612 2507,9612 2597,9618 2686,9618 2776,9612 2865,9618 2955,9618 3044,9618 3134,9612 3224,9618 3313,9612 3403,9618 3492,9618 3582,9618 3671,9618 3761,9624 3851,9624 3940,9618 4030,9624 4119,9618 4209,9618 4298,9618 4388,9618 4477,9624 4567,9624 4657,9618 4746,9618 4836,9618 4925,9618 5015,9618 5104,9618 5194,9624 5283,9624 5373,9624 5463,9618 5552,9618 5642,9618 5731,9624 5821,9624 5910,9624 6000,9618 6089,9624 6179,9618 6269,9612 6358,9618 6448,9618 6537,9618 6627,9618 6716,9618 6806,9612 6896,9618 6985,9618 7075,9612 7164,9612 7254,9612 7343,9612 7433,9612 7522,9612 7612,9612 7702,9612 7791,9606 7881,9612 7970,9606 8060,9612 8149,9612 8239,9612 8328,9612 8418,9612 8508,9612 8597,9606 8687,9612 8776,9612 8866,9606 8955,9606 9045,9600 9134,9600 9224,9600 9314,9600 9403,9606 9493,9606 9582,9612 9672,9612 9761,9606 9851,9612 9941,9612 10030,9612 10120,9606 10209,9612 10299,9612 10388,9612 10478,9612 10567,9612 10657,9606 10747,9612 10836,9612 10926,9612 11015,9612 11105,9612 11194,9612 11284,9612 11373,9612 11463,9612 11553,9612 11642,9618 11732,9612 11821,9618 11911,9618 12000,9624 12090,9618 12179,9624 12269,9624 12359,9624 12448,9624 12538,9630 12627,9630 12717,9624 12806,9630 12896,9630 12986,9624 13075,9630 13165,9624 13254,9624 13344,9624 13433,9624 13517,9624"/>
                <TextEquiv>
                    <Unicode>Einem Munde die sechs Stimmen mit dem Tone höchsten Vertrauens und demüthiger Hingabe das qui tollis peccata</Unicode>
                </TextEquiv>
            </TextLine>
            <TextLine id="tr_1_tl_8" custom="readingOrder {index:7;}">
                <Coords points="1839,9991 13481,10020 13481,9731 12670,9673 1839,9687"/>
                <Baseline points="1916,9929 2006,9917 2095,9917 2185,9917 2274,9917 2364,9917 2453,9923 2543,9929 2633,9929 2722,9929 2812,9929 2901,9929 2991,9923 3080,9923 3170,9923 3259,9923 3349,9923 3439,9923 3528,9923 3618,9923 3707,9923 3797,9929 3886,9923 3976,9929 4065,9929 4155,9923 4245,9923 4334,9929 4424,9929 4513,9923 4603,9929 4692,9923 4782,9923 4871,9935 4961,9929 5051,9929 5140,9929 5230,9929 5319,9923 5409,9923 5498,9923 5588,9923 5678,9923 5767,9923 5857,9923 5946,9923 6036,9923 6125,9917 6215,9923 6304,9923 6394,9923 6484,9923 6573,9923 6663,9923 6752,9923 6842,9923 6931,9923 7021,9917 7110,9917 7200,9917 7290,9917 7379,9917 7469,9917 7558,9917 7648,9917 7737,9917 7827,9911 7916,9911 8006,9911 8096,9917 8185,9917 8275,9911 8364,9911 8454,9911 8543,9917 8633,9911 8723,9911 8812,9911 8902,9911 8991,9911 9081,9911 9170,9911 9260,9911 9349,9911 9439,9911 9529,9911 9618,9911 9708,9911 9797,9911 9887,9917 9976,9917 10066,9917 10155,9911 10245,9911 10335,9911 10424,9911 10514,9917 10603,9917 10693,9917 10782,9911 10872,9917 10961,9917 11051,9911 11141,9911 11230,9911 11320,9917 11409,9917 11499,9917 11588,9917 11678,9917 11768,9911 11857,9911 11947,9917 12036,9911 12126,9911 12215,9911 12305,9911 12394,9917 12484,9923 12574,9917 12663,9923 12753,9923 12842,9923 12932,9917 13021,9917 13111,9917 13200,9911 13290,9917 13380,9917 13469,9929 13499,9935"/>
                <TextEquiv>
                    <Unicode>mundi; und wie in weiter Ferne — ein Nachklang aus der tiefsten Stille des betenden Gemüthes — hört man</Unicode>
                </TextEquiv>
            </TextLine>
            <TextLine id="tr_1_tl_9" custom="readingOrder {index:8;}">
                <Coords points="1882,10353 13452,10324 13220,9977 1882,9977"/>
                <Baseline points="1958,10215 2047,10215 2137,10215 2227,10221 2316,10221 2406,10221 2495,10221 2585,10221 2674,10221 2764,10221 2853,10227 2943,10227 3033,10227 3122,10227 3212,10227 3301,10227 3391,10227 3480,10227 3570,10221 3659,10221 3749,10221 3839,10221 3928,10221 4018,10227 4107,10227 4197,10233 4286,10227 4376,10221 4465,10221 4555,10221 4645,10227 4734,10227 4824,10227 4913,10227 5003,10227 5092,10227 5182,10227 5272,10227 5361,10227 5451,10227 5540,10227 5630,10227 5719,10227 5809,10227 5898,10233 5988,10227 6078,10227 6167,10227 6257,10227 6346,10227 6436,10221 6525,10221 6615,10221 6704,10221 6794,10227 6884,10227 6973,10227 7063,10227 7152,10227 7242,10221 7331,10221 7421,10227 7510,10221 7600,10215 7690,10221 7779,10215 7869,10221 7958,10215 8048,10215 8137,10215 8227,10209 8317,10215 8406,10215 8496,10215 8585,10221 8675,10221 8764,10221 8854,10233 8943,10227 9033,10227 9123,10221 9212,10221 9302,10221 9391,10221 9481,10215 9570,10221 9660,10221 9749,10221 9839,10227 9929,10227 10018,10227 10108,10227 10197,10227 10287,10221 10376,10221 10466,10221 10555,10221 10645,10221 10735,10221 10824,10221 10914,10221 11003,10221 11093,10227 11182,10227 11272,10227 11362,10227 11451,10227 11541,10227 11630,10221 11720,10227 11809,10227 11899,10227 11988,10227 12078,10221 12168,10221 12257,10221 12347,10227 12436,10227 12526,10227 12615,10227 12705,10227 12794,10227 12884,10227 12974,10227 13063,10221 13153,10221 13242,10221 13332,10227 13421,10227 13469,10239"/>
                <TextEquiv>
                    <Unicode>dieses recitirende Gebet (von wenigeren und den höheren Stimmen vorgetragen) nachhallen; und wiederum erklingt</Unicode>
                </TextEquiv>
            </TextLine>
            <TextLine id="tr_1_tl_10" custom="readingOrder {index:9;}">
                <Coords points="1882,10585 13452,10614 13133,10295 1882,10353"/>
                <Baseline points="1958,10532 2047,10526 2137,10526 2227,10526 2316,10532 2406,10526 2495,10532 2585,10532 2674,10526 2764,10526 2853,10526 2943,10532 3033,10532 3122,10538 3212,10538 3301,10532 3391,10526 3480,10532 3570,10532 3659,10532 3749,10526 3839,10532 3928,10532 4018,10532 4107,10532 4197,10532 4286,10532 4376,10532 4465,10532 4555,10532 4645,10538 4734,10532 4824,10538 4913,10538 5003,10538 5092,10538 5182,10538 5272,10538 5361,10532 5451,10532 5540,10532 5630,10538 5719,10538 5809,10538 5898,10538 5988,10538 6078,10538 6167,10538 6257,10538 6346,10538 6436,10532 6525,10532 6615,10544 6704,10538 6794,10526 6884,10532 6973,10532 7063,10532 7152,10532 7242,10526 7331,10532 7421,10526 7510,10526 7600,10532 7690,10526 7779,10526 7869,10526 7958,10520 8048,10520 8137,10520 8227,10520 8317,10520 8406,10520 8496,10520 8585,10520 8675,10520 8764,10526 8854,10532 8943,10532 9033,10532 9123,10532 9212,10526 9302,10526 9391,10526 9481,10538 9570,10526 9660,10526 9749,10532 9839,10532 9929,10532 10018,10526 10108,10526 10197,10526 10287,10532 10376,10532 10466,10532 10555,10526 10645,10532 10735,10532 10824,10532 10914,10532 11003,10532 11093,10532 11182,10532 11272,10532 11362,10526 11451,10532 11541,10532 11630,10532 11720,10532 11809,10526 11899,10532 11988,10532 12078,10532 12168,10532 12257,10532 12347,10538 12436,10538 12526,10532 12615,10532 12705,10532 12794,10526 12884,10532 12974,10532 13063,10526 13153,10520 13242,10526 13332,10526 13421,10526 13475,10538"/>
                <TextEquiv>
                    <Unicode>es im Vordergrunde mit durch die tiefere Lage gesteigerterem Ernste, und jetzt erst presst sich wie zu zitterndem</Unicode>
                </TextEquiv>
            </TextLine>
            <TextLine id="tr_1_tl_11" custom="readingOrder {index:10;}">
                <Coords points="1882,10903 13423,10903 13206,10585 1882,10585"/>
                <Baseline points="1958,10824 2047,10818 2137,10824 2227,10824 2316,10830 2406,10830 2495,10830 2585,10824 2674,10830 2764,10830 2853,10830 2943,10830 3033,10830 3122,10830 3212,10830 3301,10830 3391,10830 3480,10830 3570,10830 3659,10830 3749,10830 3839,10830 3928,10830 4018,10830 4107,10830 4197,10836 4286,10836 4376,10836 4465,10836 4555,10836 4645,10836 4734,10830 4824,10836 4913,10842 5003,10836 5092,10830 5182,10830 5272,10830 5361,10836 5451,10836 5540,10836 5630,10830 5719,10830 5809,10830 5898,10836 5988,10830 6078,10830 6167,10830 6257,10830 6346,10824 6436,10824 6525,10818 6615,10824 6704,10824 6794,10824 6884,10824 6973,10824 7063,10830 7152,10824 7242,10830 7331,10830 7421,10830 7510,10824 7600,10824 7690,10824 7779,10824 7869,10824 7958,10824 8048,10824 8137,10824 8227,10824 8317,10830 8406,10824 8496,10830 8585,10824 8675,10824 8764,10830 8854,10830 8943,10830 9033,10836 9123,10836 9212,10830 9302,10830 9391,10830 9481,10830 9570,10830 9660,10830 9749,10830 9839,10830 9929,10830 10018,10824 10108,10824 10197,10824 10287,10824 10376,10830 10466,10830 10555,10830 10645,10830 10735,10830 10824,10830 10914,10836 11003,10830 11093,10830 11182,10836 11272,10836 11362,10842 11451,10836 11541,10836 11630,10830 11720,10830 11809,10836 11899,10836 11988,10830 12078,10824 12168,10830 12257,10824 12347,10830 12436,10830 12526,10836 12615,10836 12705,10836 12794,10836 12884,10836 12974,10836 13063,10824 13153,10824 13242,10830 13332,10836 13421,10836 13457,10836"/>
                <TextEquiv>
                    <Unicode>Hülfernfe zu den leisesten Tönen die schuldbewusste Brust zusammen; wie fromme stille Stossseufzer des betenden</Unicode>
                </TextEquiv>
            </TextLine>
            <TextLine id="tr_1_tl_12" custom="readingOrder {index:11;}">
                <Coords points="1882,11193 13380,11208 13032,10903 1882,10903"/>
                <Baseline points="1964,11135 2024,11135 2113,11135 2203,11135 2292,11135 2382,11135 2471,11135 2561,11135 2650,11141 2740,11147 2830,11135 2919,11135 3009,11135 3098,11135 3188,11141 3277,11135 3367,11135 3456,11135 3546,11135 3636,11135 3725,11135 3815,11141 3904,11141 3994,11135 4083,11135 4173,11135 4262,11141 4352,11141 4442,11135 4531,11135 4621,11141 4710,11141 4800,11141 4889,11135 4979,11141 5069,11141 5158,11141 5248,11135 5337,11135 5427,11135 5516,11135 5606,11129 5695,11129 5785,11135 5875,11135 5964,11135 6054,11135 6143,11141 6233,11135 6322,11141 6412,11141 6501,11135 6591,11135 6681,11129 6770,11129 6860,11129 6949,11123 7039,11129 7128,11129 7218,11129 7307,11129 7397,11129 7487,11129 7576,11129 7666,11129 7755,11129 7845,11135 7934,11135 8024,11135 8114,11141 8203,11141 8293,11135 8382,11135 8472,11135 8561,11141 8651,11141 8740,11141 8830,11135 8920,11135 9009,11135 9099,11141 9188,11141 9278,11135 9367,11135 9457,11141 9546,11135 9636,11135 9726,11141 9815,11141 9905,11135 9994,11135 10084,11135 10173,11135 10263,11135 10352,11141 10442,11135 10532,11135 10621,11135 10711,11135 10800,11135 10890,11141 10979,11141 11069,11141 11159,11141 11248,11141 11338,11141 11427,11141 11517,11141 11606,11135 11696,11135 11785,11141 11875,11141 11965,11135 12054,11135 12144,11135 12233,11135 12323,11141 12412,11141 12502,11141 12591,11141 12681,11141 12771,11135 12860,11135 12950,11135 13039,11129 13129,11135 13218,11135 13308,11141 13401,11139"/>
                <TextEquiv>
                    <Unicode>Herzens, mit deren Ein- und Ausathmen gleichsam die dem Sepran und Alt zugetheilten zarten Fleheformeln über</Unicode>
                </TextEquiv>
            </TextLine>
            <TextLine id="tr_1_tl_13" custom="readingOrder {index:12;}">
                <Coords points="1853,11512 13394,11512 13394,11193 1853,11179"/>
                <Baseline points="1940,11439 2029,11439 2119,11433 2209,11427 2298,11427 2388,11433 2477,11427 2567,11433 2656,11439 2746,11433 2836,11439 2925,11439 3015,11439 3104,11433 3194,11439 3283,11445 3373,11445 3462,11445 3552,11439 3642,11439 3731,11439 3821,11439 3910,11433 4000,11433 4089,11433 4179,11433 4268,11439 4358,11433 4448,11439 4537,11439 4627,11439 4716,11439 4806,11439 4895,11439 4985,11445 5074,11445 5164,11445 5254,11445 5343,11445 5433,11445 5522,11439 5612,11439 5701,11439 5791,11433 5881,11433 5970,11439 6060,11439 6149,11439 6239,11439 6328,11439 6418,11439 6507,11439 6597,11433 6687,11433 6776,11427 6866,11433 6955,11433 7045,11427 7134,11427 7224,11427 7313,11433 7403,11433 7493,11433 7582,11433 7672,11433 7761,11427 7851,11433 7940,11427 8030,11427 8119,11433 8209,11427 8299,11433 8388,11433 8478,11433 8567,11433 8657,11433 8746,11439 8836,11439 8926,11439 9015,11439 9105,11433 9194,11433 9284,11427 9373,11439 9463,11433 9552,11433 9642,11433 9732,11427 9821,11427 9911,11427 10000,11433 10090,11433 10179,11433 10269,11433 10358,11433 10448,11439 10538,11439 10627,11439 10717,11439 10806,11439 10896,11439 10985,11445 11075,11445 11164,11445 11254,11445 11344,11445 11433,11445 11523,11451 11612,11445 11702,11451 11791,11451 11881,11451 11971,11439 12060,11445 12150,11445 12239,11445 12329,11445 12418,11445 12508,11451 12597,11445 12687,11451 12777,11445 12866,11445 12956,11445 13045,11445 13135,11451 13224,11451 13314,11457 13403,11463 13427,11475"/>
                <TextEquiv>
                    <Unicode>einstimmen, breitet sich das miserere nobis, von dem Tenor in der Tiefe jedesmal bedeutsam anticipirend angeklungen</Unicode>
                </TextEquiv>
            </TextLine>
            <TextLine id="tr_1_tl_14" custom="readingOrder {index:13;}">
                <Coords points="1824,11787 13466,11845 13365,11512 1824,11598"/>
                <Baseline points="1910,11744 2000,11738 2089,11738 2179,11738 2268,11738 2358,11738 2447,11738 2537,11738 2627,11738 2716,11738 2806,11738 2895,11738 2985,11738 3074,11750 3164,11744 3253,11738 3343,11738 3433,11750 3522,11744 3612,11738 3701,11738 3791,11738 3880,11738 3970,11738 4059,11744 4149,11744 4239,11744 4328,11738 4418,11738 4507,11738 4597,11738 4686,11738 4776,11738 4866,11738 4955,11738 5045,11738 5134,11738 5224,11738 5313,11738 5403,11738 5492,11738 5582,11738 5672,11738 5761,11738 5851,11738 5940,11738 6030,11738 6119,11732 6209,11738 6298,11738 6388,11738 6478,11744 6567,11744 6657,11738 6746,11738 6836,11738 6925,11738 7015,11732 7104,11738 7194,11732 7284,11738 7373,11738 7463,11738 7552,11744 7642,11744 7731,11738 7821,11738 7911,11744 8000,11738 8090,11738 8179,11738 8269,11738 8358,11738 8448,11744 8537,11744 8627,11738 8717,11732 8806,11738 8896,11738 8985,11744 9075,11744 9164,11744 9254,11738 9343,11738 9433,11744 9523,11744 9612,11744 9702,11744 9791,11744 9881,11744 9970,11744 10060,11744 10149,11744 10239,11738 10329,11738 10418,11744 10508,11750 10597,11750 10687,11750 10776,11750 10866,11756 10956,11756 11045,11756 11135,11756 11224,11756 11314,11756 11403,11756 11493,11756 11582,11756 11672,11762 11762,11762 11851,11756 11941,11756 12030,11756 12120,11750 12209,11750 12299,11756 12388,11756 12478,11762 12568,11756 12657,11756 12747,11756 12836,11756 12926,11756 13015,11750 13105,11750 13194,11756 13284,11756 13374,11756 13463,11762 13493,11756"/>
                <TextEquiv>
                    <Unicode>zweimal aus, so zwar, dass die eigentliche Betonung des Seufzers auf die Betenden fällt, auf nobis, welches sich</Unicode>
                </TextEquiv>
            </TextLine>
            <TextLine id="tr_1_tl_15" custom="readingOrder {index:14;}">
                <Coords points="1882,12105 13380,12163 13264,11816 1882,11801"/>
                <Baseline points="1958,12042 2047,12042 2137,12042 2227,12042 2316,12042 2406,12042 2495,12042 2585,12042 2674,12042 2764,12042 2853,12042 2943,12042 3033,12042 3122,12036 3212,12042 3301,12042 3391,12042 3480,12048 3570,12048 3659,12048 3749,12042 3839,12042 3928,12036 4018,12042 4107,12042 4197,12042 4286,12042 4376,12048 4465,12048 4555,12042 4645,12048 4734,12048 4824,12048 4913,12048 5003,12048 5092,12048 5182,12048 5272,12048 5361,12042 5451,12042 5540,12042 5630,12042 5719,12042 5809,12042 5898,12042 5988,12042 6078,12042 6167,12048 6257,12048 6346,12042 6436,12042 6525,12042 6615,12048 6704,12042 6794,12048 6884,12042 6973,12048 7063,12042 7152,12048 7242,12042 7331,12042 7421,12042 7510,12042 7600,12042 7690,12042 7779,12048 7869,12042 7958,12042 8048,12048 8137,12048 8227,12048 8317,12048 8406,12048 8496,12048 8585,12048 8675,12048 8764,12048 8854,12054 8943,12054 9033,12054 9123,12054 9212,12054 9302,12054 9391,12060 9481,12060 9570,12060 9660,12060 9749,12060 9839,12060 9929,12060 10018,12060 10108,12060 10197,12060 10287,12054 10376,12060 10466,12060 10555,12054 10645,12054 10735,12054 10824,12054 10914,12054 11003,12054 11093,12054 11182,12054 11272,12060 11362,12060 11451,12054 11541,12060 11630,12060 11720,12054 11809,12054 11899,12060 11988,12054 12078,12060 12168,12054 12257,12054 12347,12054 12436,12054 12526,12054 12615,12054 12705,12054 12794,12048 12884,12048 12974,12054 13063,12054 13153,12048 13242,12054 13332,12048 13415,12060"/>
                <TextEquiv>
                    <Unicode>bei der Wiederholung mit dem Ausdrucke tiefster Hilfsbedürftigkeit zu langen, fromm aufsteigenden und verklin¬</Unicode>
                </TextEquiv>
            </TextLine>
            <TextLine id="tr_1_tl_16" custom="readingOrder {index:15;}">
                <Coords points="1897,12467 3301,12395 3678,12482 4011,12380 4272,12496 4518,12424 4518,12163 4315,12105 3606,12091 3432,12178 3272,12091 2925,12163 2766,12091 2650,12163 1897,12105"/>
                <Baseline points="1970,12365 2041,12365 2131,12359 2221,12353 2310,12353 2400,12353 2489,12353 2579,12347 2668,12347 2758,12353 2847,12353 2937,12353 3027,12347 3116,12347 3206,12347 3295,12347 3385,12347 3474,12347 3564,12347 3653,12347 3743,12347 3833,12347 3922,12347 4012,12347 4101,12347 4191,12347 4280,12347 4370,12341 4460,12347 4549,12353"/>
                <TextEquiv>
                    <Unicode>genden Accorden ausdehnt.</Unicode>
                </TextEquiv>
            </TextLine>
            <TextLine id="tr_1_tl_17" custom="readingOrder {index:16;}">
                <Coords points="2983,12786 13322,12757 13322,12453 12902,12409 2983,12438"/>
                <Baseline points="3062,12645 3152,12645 3242,12645 3331,12645 3421,12645 3510,12645 3600,12651 3689,12657 3779,12657 3868,12657 3958,12657 4048,12663 4137,12657 4227,12657 4316,12657 4406,12657 4495,12657 4585,12663 4674,12663 4764,12663 4854,12663 4943,12657 5033,12657 5122,12657 5212,12657 5301,12657 5391,12651 5480,12651 5570,12651 5660,12657 5749,12657 5839,12657 5928,12657 6018,12657 6107,12657 6197,12657 6287,12651 6376,12657 6466,12657 6555,12651 6645,12651 6734,12657 6824,12663 6913,12651 7003,12651 7093,12657 7182,12657 7272,12657 7361,12651 7451,12657 7540,12657 7630,12663 7719,12663 7809,12657 7899,12657 7988,12657 8078,12663 8167,12663 8257,12657 8346,12657 8436,12657 8525,12657 8615,12657 8705,12663 8794,12663 8884,12663 8973,12663 9063,12663 9152,12669 9242,12663 9332,12669 9421,12669 9511,12669 9600,12669 9690,12663 9779,12663 9869,12669 9958,12669 10048,12663 10138,12669 10227,12669 10317,12669 10406,12669 10496,12669 10585,12669 10675,12669 10764,12669 10854,12663 10944,12669 11033,12669 11123,12669 11212,12669 11302,12669 11391,12669 11481,12669 11570,12669 11660,12669 11750,12669 11839,12669 11929,12669 12018,12669 12108,12669 12197,12669 12287,12669 12377,12675 12466,12669 12556,12669 12645,12669 12735,12663 12824,12669 12914,12669 13003,12669 13093,12669 13183,12675 13272,12681 13362,12681"/>
                <TextEquiv>
                    <Unicode>Dieses agnus Dei gestaltet sich nur eingliedrig und ganz kurz, weil es erschöpfend war. Eine Ausführung</Unicode>
                </TextEquiv>
            </TextLine>
            <TextLine id="tr_1_tl_18" custom="readingOrder {index:17;}">
                <Coords points="1882,13090 13452,13061 13220,12728 1882,12728"/>
                <Baseline points="1964,12950 2053,12950 2143,12950 2232,12950 2322,12956 2412,12950 2501,12956 2591,12956 2680,12956 2770,12956 2859,12956 2949,12956 3039,12956 3128,12956 3218,12956 3307,12956 3397,12956 3486,12956 3576,12956 3665,12956 3755,12956 3845,12962 3934,12962 4024,12962 4113,12956 4203,12956 4292,12956 4382,12956 4471,12956 4561,12956 4651,12956 4740,12956 4830,12956 4919,12956 5009,12962 5098,12956 5188,12956 5277,12956 5367,12950 5457,12956 5546,12956 5636,12956 5725,12956 5815,12956 5904,12956 5994,12956 6084,12956 6173,12956 6263,12956 6352,12956 6442,12950 6531,12956 6621,12956 6710,12956 6800,12962 6890,12962 6979,12962 7069,12956 7158,12962 7248,12962 7337,12962 7427,12962 7516,12962 7606,12962 7696,12968 7785,12962 7875,12962 7964,12968 8054,12962 8143,12962 8233,12962 8322,12962 8412,12962 8502,12962 8591,12962 8681,12962 8770,12962 8860,12968 8949,12980 9039,12980 9129,12974 9218,12980 9308,12980 9397,12974 9487,12980 9576,12980 9666,12980 9755,12980 9845,12980 9935,12986 10024,12980 10114,12980 10203,12986 10293,12986 10382,12974 10472,12980 10561,12980 10651,12974 10741,12980 10830,12980 10920,12974 11009,12980 11099,12974 11188,12980 11278,12980 11367,12980 11457,12980 11547,12980 11636,12980 11726,12980 11815,12980 11905,12974 11994,12980 12084,12980 12174,12986 12263,12980 12353,12980 12442,12986 12532,12986 12621,12986 12711,12980 12800,12980 12890,12980 12980,12980 13069,12980 13159,12980 13248,12980 13338,12980 13427,12986 13481,12986"/>
                <TextEquiv>
                    <Unicode>beim Gottesdienste, welche ich vor Kurzem zu hören Gelegenheit hatte, überzeugte von dem unausbleiblichen tiefen</Unicode>
                </TextEquiv>
            </TextLine>
            <TextLine id="tr_1_tl_19" custom="readingOrder {index:18;}">
                <Coords points="1882,13437 7081,13351 7081,13104 6574,13003 1882,13075"/>
                <Baseline points="1958,13254 2047,13260 2137,13260 2227,13260 2316,13266 2406,13266 2495,13260 2585,13260 2674,13260 2764,13260 2853,13266 2943,13266 3033,13260 3122,13260 3212,13260 3301,13260 3391,13260 3480,13266 3570,13260 3659,13266 3749,13260 3839,13266 3928,13260 4018,13260 4107,13260 4197,13266 4286,13260 4376,13260 4465,13266 4555,13266 4645,13266 4734,13260 4824,13266 4913,13266 5003,13266 5092,13266 5182,13266 5272,13272 5361,13266 5451,13266 5540,13266 5630,13266 5719,13260 5809,13260 5898,13260 5988,13260 6078,13260 6167,13260 6257,13266 6346,13266 6436,13260 6525,13260 6615,13266 6704,13266 6794,13260 6884,13266 6973,13272 7063,13278 7104,13278"/>
                <TextEquiv>
                    <Unicode>und allgemeinen Eindrucke dieser frommen Klänge.</Unicode>
                </TextEquiv>
            </TextLine>
        </TextRegion>
    </Page>
</PcGts>
