6738 10796
1299 3617 5468 3965 Ihr freundliches Interesse an meinen Bearbeitungen
894 3919 5446 4204 Bach'scher und Händel’scher Tonwerke, giebt mir er¬
906 4170 5463 4454 wünschte Veranlassung, mich über einen Gegenstand, der
900 4415 5394 4688 für die Praxis älterer Voca lmusik von höchster Wichtig
900 4625 5457 4876 keit sein dürfte, ausführlicher gegen Sie auszusprechen.
900 4853 5451 5104 Die Frage, nach welchen Grundsätzen die Bearbeitung des
889 5092 5457 5337 Accompagnements solcher Compositionen herzustellen sei,
889 5320 5411 5571 kann gegenwärtig mit vollem Rechte eine brennende ge¬
883 5531 5434 5793 nannt werden; daher ist möglicherweise dem Einen oder
883 5787 5440 6084 dem Anderen eine Orientirung über dieselbe nicht ganz
906 6049 5457 6294 unwillkommen. Die nachfolgenden Auseinandersetzungen
883 6243 5434 6511 sind als das Resultat einer Reihe von Erfahrungen, die
877 6494 5229 6761 ich in dieser Kunstangelegenheit machte, zu bezeichnen;
917 6756 5457 7023 gerade deshalb haben sie vielleicht einigen Werth, wenn
894 6949 5446 7206 dieser auch nur in dem Nachweise bestehen sollte, dass ich
894 7183 5406 7411 es an ernsten Anstrengungen schwierigen Aufgaben gegen¬
894 7439 5423 7667 über nicht fehlen liess. Der persönliche Charakter, den
877 7644 5429 7884 meine Darstellungen an sich tragen werden, entschuldigt
872 7872 5423 8129 hoffentlich die Wahl einer erzählenden Form, der ich
872 8072 5434 8351 mich um so lieber bediene, als sie die Möglichkeit bietet,
883 8345 5434 8596 die etwas spröde Natur des zu behandelnden Stoffes
854 8590 5423 8932 zwangloser handhaben zu können. Demnach referire ich
