6975 10817
3322 1103 4015 1598 2
1399 1433 5960 1837 eines Breiteren, wie ich überhaupt zu jenen Bearbeitungen.
1450 1848 5955 2104 gekommen bin, welchen praktischen Bedürfnissen ich mit
1405 2065 5938 2320 ihnen zu genügen suchte und deute nebenbei an, welche
1399 2241 4123 2633 künstlerische Ziele ich mir steckte.
1746 2412 5949 2776 Neigung, vielleicht auch natürliche Anlage, zogen
1393 2736 5966 2986 mich seit Jahren zu Bach's und Händel's Musik. Mein
1393 2958 5926 3248 bescheidener Wirkungskreis in Halle war diesen Be¬
1405 3208 5955 3464 strebungen nicht ganz ungünstig — sie wurden bald der
1399 3430 5915 3680 Mittelpunkt der von mir geleiteten Singakademie. Da¬
1388 3668 5943 3953 mals, ich rede von den ersten vierziger Jahren, musste
1399 3885 5932 4146 man sich zu behelfen suchen, wie es die Verhältnisse
1399 4140 5904 4408 gerade mit sich brachten. Händel's Oratorien beschränk¬
1399 4408 5915 4641 ten sich für uns auf die von Mozart und Mosel bearbei¬
1410 4635 5938 4868 teten — Bach's Cantaten und Messen auf die von Marx
1388 4829 5932 5090 besorgten Ausgaben. Wir führten die Sachen auf, wie
1382 5062 5938 5358 sie die Vorlagen darboten und nahmen naiv genug an,
1382 5312 5904 5557 dass mit ihnen der Inhalt jener Kunstwerke völlig er¬
1388 5523 5949 5796 schöpft sei. Zwar machte das Publikum zuweilen grosse
1393 5773 5909 6023 Augen, wenn ihm in einer Bach'schen Cantate ein selt¬
1382 5995 5926 6256 sames Zwiegespräch zwischen Flöte und Contrabass vor¬
1405 6228 5938 6484 getragen wurde, oder wenn gar der Continuo einen langen,
1405 6455 5938 6734 grämlichen Monolog zum Besten gab — dergleichen socht
1405 6723 5926 6973 uns aber weiter nicht an und kam auf Rechnung der
1439 6910 5926 7229 guten, alten Zeit, die man hunnehmen zu müssen glaubte,
1416 7144 2821 7445 wie sie eben war.
1774 7303 5909 7621 In diese jugendliche Thätigkeit fielen plötzlich die Ge¬
1399 7604 5943 7872 sammtausgaben der Bach'schen, später die der Händel’schen
1410 7815 5943 8105 Werke, den Aufführungen eine Fülle neuen Material in
1433 8071 5949 8349 wohlverbürgten Formen bietend. Da nahmen sich denn
1405 8326 5938 8560 freilich Bach’s Cantaten ganz anders aus, als bei Marx:
1399 8531 5926 8833 überall reiche Bezifferungen, die doch nicht zwecklos vor¬
