<?xml version="1.0" encoding="UTF-8" standalone="yes"?>
<PcGts xmlns="http://schema.primaresearch.org/PAGE/gts/pagecontent/2013-07-15" xmlns:xsi="http://www.w3.org/2001/XMLSchema-instance" xsi:schemaLocation="http://schema.primaresearch.org/PAGE/gts/pagecontent/2013-07-15 http://schema.primaresearch.org/PAGE/gts/pagecontent/2013-07-15/pagecontent.xsd">
    <Metadata>
        <Creator>prov=READ-COOP:name=TrHtr:version=2.23.1:model_id=51170:date=22_02_2025_11:47</Creator>
        <Created>2025-02-21T16:30:30.793+01:00</Created>
        <LastChange>2025-02-22T11:47:09.689+01:00</LastChange>
        <TranskribusMetadata docId="7038757" pageId="91997012" pageNr="5" tsid="230770293" status="IN_PROGRESS" userId="131016" imgUrl="https://files.transkribus.eu/Get?id=EFBMXDTRHMFJIIKTYSVNEPTV&amp;fileType=view" xmlUrl="https://files.transkribus.eu/Get?id=OSCJGGPPLTBLMRIPAXLRNZPW" imageId="76789133"/>
    </Metadata>
    <Page imageFilename="0005_bsb-franz-ofbredh-991125835919707356-tx-00012.jpg" imageWidth="6883" imageHeight="10821">
        <ReadingOrder>
            <OrderedGroup id="ro_1757316110016" caption="Regions reading order">
                <RegionRefIndexed index="0" regionRef="tr_1"/>
            </OrderedGroup>
        </ReadingOrder>
        <TextRegion orientation="0.0" id="tr_1" custom="readingOrder {index:0;}">
            <Coords points="1086,1363 1086,8789 5655,8789 5655,1363"/>
            <TextLine id="tr_1_tl_1" custom="readingOrder {index:0;}">
                <Coords points="3012,1500 3125,1489 3222,1529 3336,1512 3483,1546 3540,1591 3620,1551 3699,1557 3699,1256 3637,1267 3597,1233 3546,1267 3449,1210 3415,1239 3336,1210 3267,1239 3182,1193 3012,1301"/>
                <Baseline points="3045,1463 3078,1463 3111,1463 3145,1463 3178,1463 3212,1463 3245,1463 3279,1463 3312,1463 3346,1463 3379,1463 3412,1463 3446,1463 3479,1463 3513,1463 3546,1463 3580,1463 3613,1463 3647,1463 3680,1463 3714,1463"/>
                <TextEquiv>
                    <Unicode>3</Unicode>
                </TextEquiv>
            </TextLine>
            <TextLine id="tr_1_tl_2" custom="readingOrder {index:1;}">
                <Coords points="1080,1830 5603,1852 5603,1585 4944,1489 4358,1597 3961,1477 2955,1676 2341,1477 1591,1631 1080,1494"/>
                <Baseline points="1110,1773 1335,1773 1560,1767 1786,1770 2011,1767 2237,1770 2462,1773 2688,1773 2913,1773 3139,1773 3364,1779 3589,1775 3815,1779 4040,1779 4266,1779 4491,1779 4717,1779 4942,1779 5168,1783 5393,1784 5619,1797"/>
                <TextEquiv>
                    <Unicode>handen sein konnten und auf eine früher geübte Kunst-</Unicode>
                </TextEquiv>
            </TextLine>
            <TextLine id="tr_1_tl_3" custom="readingOrder {index:2;}">
                <Coords points="1085,2120 1659,2012 5603,2085 5603,1875 1085,1887"/>
                <Baseline points="1116,2000 1341,2012 1566,2000 1791,2000 2016,2000 2241,2003 2466,2006 2692,2006 2917,2007 3142,2010 3367,2012 3592,2016 3817,2017 4042,2012 4268,2012 4493,2012 4718,2012 4943,2012 5168,2012 5393,2012 5619,2012"/>
                <TextEquiv>
                    <Unicode>praxis bestimmte Rückschlüsse gestatteten. Meine Zweifel</Unicode>
                </TextEquiv>
            </TextLine>
            <TextLine id="tr_1_tl_4" custom="readingOrder {index:3;}">
                <Coords points="1074,2353 5262,2341 5643,2313 5643,2085 1074,2108"/>
                <Baseline points="1104,2239 1331,2233 1558,2233 1785,2233 2013,2233 2240,2233 2467,2233 2694,2237 2922,2235 3149,2234 3376,2239 3603,2245 3831,2239 4058,2239 4285,2245 4512,2245 4740,2239 4967,2240 5194,2245 5421,2250 5649,2239"/>
                <TextEquiv>
                    <Unicode>an der Ausführbarkeit dieser Vorlagen gingen jedoch nicht</Unicode>
                </TextEquiv>
            </TextLine>
            <TextLine id="tr_1_tl_5" custom="readingOrder {index:4;}">
                <Coords points="1080,2540 5620,2534 5614,2318 1074,2358"/>
                <Baseline points="1110,2466 1336,2466 1562,2472 1788,2469 2014,2472 2240,2472 2466,2472 2692,2468 2918,2466 3144,2466 3370,2472 3596,2472 3822,2470 4048,2476 4274,2472 4500,2472 4726,2472 4952,2472 5178,2472 5404,2472 5631,2478"/>
                <TextEquiv>
                    <Unicode>tief genug, um mich vom Einstudiren der einen oder der</Unicode>
                </TextEquiv>
            </TextLine>
            <TextLine id="tr_1_tl_6" custom="readingOrder {index:5;}">
                <Coords points="1080,2733 5597,2750 5597,2529 5461,2506 1080,2540"/>
                <Baseline points="1110,2705 1335,2699 1560,2705 1785,2702 2010,2699 2235,2699 2460,2699 2686,2703 2911,2704 3136,2705 3361,2705 3586,2705 3811,2711 4036,2707 4262,2711 4487,2711 4712,2705 4937,2705 5162,2705 5387,2705 5613,2717"/>
                <TextEquiv>
                    <Unicode>anderen abzuhalten. Die im Tonsatz ziemlich abgeschlosse¬</Unicode>
                </TextEquiv>
            </TextLine>
            <TextLine id="tr_1_tl_7" custom="readingOrder {index:6;}">
                <Coords points="1068,3012 5001,3040 5609,3000 5609,2745 1068,2784"/>
                <Baseline points="1098,2938 1324,2932 1550,2938 1777,2932 2003,2933 2229,2932 2456,2932 2682,2934 2908,2938 3135,2936 3361,2938 3587,2938 3814,2932 4040,2938 4266,2938 4493,2938 4719,2938 4945,2938 5172,2938 5398,2944 5625,2950"/>
                <TextEquiv>
                    <Unicode>nen Chöre stellten sich keineswegs als Hindernisse dar,</Unicode>
                </TextEquiv>
            </TextLine>
            <TextLine id="tr_1_tl_8" custom="readingOrder {index:7;}">
                <Coords points="1080,3245 5001,3273 5631,3205 5631,3006 1080,3029"/>
                <Baseline points="1110,3153 1336,3165 1563,3165 1789,3159 2016,3159 2243,3159 2469,3165 2696,3165 2923,3165 3149,3165 3376,3171 3603,3171 3829,3167 4056,3171 4283,3171 4509,3171 4736,3165 4963,3165 5189,3168 5416,3171 5643,3177"/>
                <TextEquiv>
                    <Unicode>dafür aber die Solonummern, der vielen defekten Stellen</Unicode>
                </TextEquiv>
            </TextLine>
            <TextLine id="tr_1_tl_9" custom="readingOrder {index:8;}">
                <Coords points="1074,3404 1267,3421 1347,3495 1477,3432 1665,3478 1921,3438 2023,3489 2125,3421 2205,3466 2745,3472 2745,3245 2591,3211 2245,3273 2085,3205 1875,3290 1716,3222 1477,3284 1222,3211 1074,3250"/>
                <Baseline points="1104,3386 1186,3391 1268,3392 1351,3392 1433,3395 1516,3397 1598,3397 1681,3397 1763,3397 1846,3397 1928,3397 2010,3396 2093,3392 2175,3392 2258,3392 2340,3392 2423,3392 2505,3392 2588,3395 2670,3397 2753,3409"/>
                <TextEquiv>
                    <Unicode>wegen, um so mehr.</Unicode>
                </TextEquiv>
            </TextLine>
            <TextLine id="tr_1_tl_10" custom="readingOrder {index:9;}">
                <Coords points="1426,3642 5018,3750 5626,3694 5626,3404 1426,3472"/>
                <Baseline points="1457,3624 1666,3630 1875,3626 2084,3618 2293,3628 2502,3624 2711,3624 2920,3630 3129,3630 3338,3630 3547,3630 3756,3628 3965,3630 4174,3630 4383,3630 4592,3630 4801,3630 5010,3632 5219,3636 5428,3636 5637,3636"/>
                <TextEquiv>
                    <Unicode>Anfangs griff ich zu einem verzweifelten Mittel, das</Unicode>
                </TextEquiv>
            </TextLine>
            <TextLine id="tr_1_tl_11" custom="readingOrder {index:10;}">
                <Coords points="1074,3904 5376,3961 5302,3671 1074,3671"/>
                <Baseline points="1104,3857 1318,3863 1532,3857 1747,3862 1961,3860 2176,3857 2390,3859 2604,3859 2819,3863 3033,3860 3248,3863 3462,3865 3676,3865 3891,3863 4105,3863 4320,3863 4534,3863 4748,3871 4963,3863 5177,3863 5392,3875"/>
                <TextEquiv>
                    <Unicode>man auch jetzt noch vielfach in Anwendung bringt</Unicode>
                </TextEquiv>
            </TextLine>
            <TextLine id="tr_1_tl_12" custom="readingOrder {index:11;}">
                <Coords points="1080,4165 5529,4205 5637,3893 1080,3915"/>
                <Baseline points="1110,4096 1348,4090 1587,4096 1826,4090 2065,4096 2304,4096 2543,4090 2782,4092 3021,4096 3260,4096 3498,4096 3737,4096 3976,4096 4215,4096 4454,4096 4693,4090 4932,4096 5171,4096 5410,4096 5649,4102"/>
                <TextEquiv>
                    <Unicode>ich strich munter darauf los, und benutzte höchstens die</Unicode>
                </TextEquiv>
            </TextLine>
            <TextLine id="tr_1_tl_13" custom="readingOrder {index:12;}">
                <Coords points="1080,4336 5631,4358 5631,4194 5381,4120 1080,4165"/>
                <Baseline points="1110,4329 1336,4326 1563,4329 1789,4329 2016,4323 2243,4325 2469,4324 2696,4327 2923,4329 3149,4324 3376,4323 3603,4329 3829,4323 4056,4324 4283,4329 4509,4329 4736,4326 4963,4323 5189,4323 5416,4329 5643,4329"/>
                <TextEquiv>
                    <Unicode>Pieçen, deren Begleitung Bach einigermassen vorgesehen</Unicode>
                </TextEquiv>
            </TextLine>
            <TextLine id="tr_1_tl_14" custom="readingOrder {index:13;}">
                <Coords points="1068,4620 5592,4609 5592,4432 5398,4370 1068,4415"/>
                <Baseline points="1098,4562 1323,4556 1548,4564 1774,4562 1999,4562 2225,4557 2450,4561 2676,4558 2901,4556 3127,4560 3352,4561 3577,4556 3803,4556 4028,4556 4254,4556 4479,4556 4705,4562 4930,4559 5156,4556 5381,4556 5607,4538"/>
                <TextEquiv>
                    <Unicode>hatte. Auf die Dauer konnte das freilich nicht so fort¬</Unicode>
                </TextEquiv>
            </TextLine>
            <TextLine id="tr_1_tl_15" custom="readingOrder {index:14;}">
                <Coords points="1119,4864 5199,4876 5643,4841 5643,4660 1119,4665"/>
                <Baseline points="1152,4783 1377,4789 1602,4789 1827,4789 2052,4789 2277,4789 2502,4789 2728,4789 2953,4789 3178,4791 3403,4789 3628,4789 3853,4789 4078,4789 4304,4790 4529,4789 4754,4784 4979,4789 5204,4784 5429,4789 5655,4795"/>
                <TextEquiv>
                    <Unicode>gehen: einmal wurde der Zusammenhang des Ganzen oft</Unicode>
                </TextEquiv>
            </TextLine>
            <TextLine id="tr_1_tl_16" custom="readingOrder {index:15;}">
                <Coords points="1085,5097 4643,5040 5279,5148 5580,5103 5580,4881 1085,4893"/>
                <Baseline points="1116,5016 1351,5022 1587,5022 1823,5022 2058,5022 2294,5022 2530,5017 2766,5022 3001,5022 3237,5022 3473,5028 3709,5022 3944,5022 4180,5022 4416,5022 4652,5022 4887,5022 5123,5022 5359,5018 5595,5028"/>
                <TextEquiv>
                    <Unicode>sehr bedenklich in Frage gestellt und dann standen wie</Unicode>
                </TextEquiv>
            </TextLine>
            <TextLine id="tr_1_tl_17" custom="readingOrder {index:16;}">
                <Coords points="1085,5359 5626,5313 5620,5063 1080,5137"/>
                <Baseline points="1110,5261 1336,5252 1562,5255 1789,5255 2015,5261 2241,5257 2468,5255 2694,5251 2920,5249 3147,5255 3373,5255 3599,5261 3826,5255 4052,5254 4278,5255 4505,5255 4731,5249 4957,5255 5184,5261 5410,5261 5637,5261"/>
                <TextEquiv>
                    <Unicode>der einzelne Arien in gar zu herrlichen Umrissen da, als</Unicode>
                </TextEquiv>
            </TextLine>
            <TextLine id="tr_1_tl_18" custom="readingOrder {index:17;}">
                <Coords points="1085,5529 4552,5592 5626,5535 5631,5319 1091,5359"/>
                <Baseline points="1116,5488 1342,5488 1568,5488 1794,5488 2020,5488 2246,5488 2472,5488 2698,5488 2924,5488 3150,5482 3376,5483 3602,5488 3828,5486 4054,5483 4280,5488 4506,5483 4732,5478 4958,5481 5184,5488 5410,5488 5637,5506"/>
                <TextEquiv>
                    <Unicode>dass man sie ohne Weiteres übersehen durfte — kurzum,</Unicode>
                </TextEquiv>
            </TextLine>
            <TextLine id="tr_1_tl_19" custom="readingOrder {index:18;}">
                <Coords points="1063,5768 5592,5739 5592,5569 5427,5529 4222,5637 1063,5546"/>
                <Baseline points="1092,5709 1317,5721 1543,5715 1769,5721 1995,5715 2220,5717 2446,5721 2672,5721 2898,5721 3123,5719 3349,5720 3575,5715 3801,5721 4026,5716 4252,5721 4478,5721 4704,5715 4929,5716 5155,5719 5381,5721 5607,5727"/>
                <TextEquiv>
                    <Unicode>ich entschloss mich zu dem Versuche, ein Accompagne¬</Unicode>
                </TextEquiv>
            </TextLine>
            <TextLine id="tr_1_tl_20" custom="readingOrder {index:19;}">
                <Coords points="1074,6018 5620,6006 5620,5785 5421,5762 1074,5785"/>
                <Baseline points="1104,5947 1330,5947 1557,5947 1783,5953 2010,5947 2237,5947 2463,5947 2690,5949 2917,5953 3143,5948 3370,5947 3597,5947 3823,5947 4050,5947 4277,5951 4503,5947 4730,5947 4957,5941 5183,5947 5410,5947 5637,5947"/>
                <TextEquiv>
                    <Unicode>ment auszuarbeiten. Zuerst probirte ich es mit accordischen</Unicode>
                </TextEquiv>
            </TextLine>
            <TextLine id="tr_1_tl_21" custom="readingOrder {index:20;}">
                <Coords points="1057,6222 5467,6262 5609,6228 5609,5995 1057,6012"/>
                <Baseline points="1086,6180 1324,6178 1563,6178 1802,6180 2041,6176 2280,6186 2519,6180 2758,6174 2997,6176 3236,6180 3474,6180 3713,6176 3952,6180 4191,6176 4430,6180 4669,6180 4908,6180 5147,6178 5386,6174 5625,6180"/>
                <TextEquiv>
                    <Unicode>Ausführungen, merkte aber sehr bald, dass damit hier</Unicode>
                </TextEquiv>
            </TextLine>
            <TextLine id="tr_1_tl_22" custom="readingOrder {index:21;}">
                <Coords points="1068,6484 5580,6444 5580,6262 5302,6194 2597,6296 2336,6188 1597,6342 1068,6228"/>
                <Baseline points="1098,6413 1322,6413 1547,6418 1772,6413 1997,6413 2222,6413 2447,6413 2671,6413 2896,6413 3121,6413 3346,6413 3571,6413 3796,6412 4021,6413 4245,6413 4470,6407 4695,6407 4920,6410 5145,6413 5370,6410 5595,6401"/>
                <TextEquiv>
                    <Unicode>nicht durchzukommen war: die Harmonien fielen blei¬</Unicode>
                </TextEquiv>
            </TextLine>
            <TextLine id="tr_1_tl_23" custom="readingOrder {index:22;}">
                <Coords points="1068,6688 5586,6728 5586,6472 5251,6444 1068,6484"/>
                <Baseline points="1098,6640 1323,6646 1548,6640 1773,6646 1998,6646 2223,6646 2448,6651 2674,6646 2899,6646 3124,6644 3349,6646 3574,6646 3799,6641 4024,6640 4250,6640 4475,6646 4700,6646 4925,6646 5150,6646 5375,6643 5601,6622"/>
                <TextEquiv>
                    <Unicode>schwer in die Bach'schen Stimmen hinein und fanden nir¬</Unicode>
                </TextEquiv>
            </TextLine>
            <TextLine id="tr_1_tl_24" custom="readingOrder {index:23;}">
                <Coords points="1136,6950 5262,6972 5370,6961 5370,6705 1136,6728"/>
                <Baseline points="1170,6885 1380,6877 1591,6879 1802,6879 2013,6879 2224,6879 2434,6885 2645,6885 2856,6879 3067,6878 3278,6873 3488,6878 3699,6879 3910,6879 4121,6873 4332,6873 4542,6879 4753,6879 4964,6879 5175,6879 5386,6891"/>
                <TextEquiv>
                    <Unicode>gends an dem geschmeidigen Continuo festen Halt:</Unicode>
                </TextEquiv>
            </TextLine>
            <TextLine id="tr_1_tl_25" custom="readingOrder {index:24;}">
                <Coords points="1074,7149 5109,7177 5603,7143 5603,6989 1074,6995"/>
                <Baseline points="1104,7106 1329,7106 1555,7106 1781,7112 2007,7112 2232,7108 2458,7112 2684,7112 2910,7112 3135,7108 3361,7106 3587,7106 3813,7101 4038,7101 4264,7112 4490,7112 4716,7112 4941,7106 5167,7108 5393,7106 5619,7112"/>
                <TextEquiv>
                    <Unicode>statt zu unterstützen, hemmten dergleichen Zuthaten nur</Unicode>
                </TextEquiv>
            </TextLine>
            <TextLine id="tr_1_tl_26" custom="readingOrder {index:25;}">
                <Coords points="1080,7399 5540,7416 5535,7222 5364,7166 1074,7177"/>
                <Baseline points="1104,7333 1326,7336 1548,7333 1771,7345 1993,7345 2216,7343 2438,7344 2661,7349 2883,7340 3106,7345 3328,7340 3550,7339 3773,7340 3995,7339 4218,7339 4440,7345 4663,7347 4885,7345 5108,7341 5330,7339 5553,7357"/>
                <TextEquiv>
                    <Unicode>den Verlauf. Längere Zeit hielt ich es für ganz unmög</Unicode>
                </TextEquiv>
            </TextLine>
            <TextLine id="tr_1_tl_27" custom="readingOrder {index:26;}">
                <Coords points="1068,7592 5609,7620 5609,7416 5063,7370 1068,7421"/>
                <Baseline points="1098,7566 1324,7566 1550,7566 1776,7569 2002,7572 2228,7572 2454,7572 2680,7572 2906,7572 3132,7576 3358,7572 3584,7574 3810,7578 4036,7578 4262,7574 4488,7578 4714,7572 4940,7572 5166,7572 5392,7572 5619,7578"/>
                <TextEquiv>
                    <Unicode>lich, einen Satz nach Wunsche zu Stande zu bringen und</Unicode>
                </TextEquiv>
            </TextLine>
            <TextLine id="tr_1_tl_28" custom="readingOrder {index:27;}">
                <Coords points="1080,7882 5620,7921 5620,7666 5489,7626 1080,7598"/>
                <Baseline points="1110,7787 1336,7796 1562,7793 1789,7796 2015,7800 2241,7805 2468,7800 2694,7805 2920,7805 3147,7805 3373,7805 3599,7800 3826,7805 4052,7805 4278,7805 4505,7805 4731,7802 4957,7799 5184,7799 5410,7805 5637,7811"/>
                <TextEquiv>
                    <Unicode>bedauerte lebhaft, auf manche sein skizzirte Arie Verzicht</Unicode>
                </TextEquiv>
            </TextLine>
            <TextLine id="tr_1_tl_29" custom="readingOrder {index:28;}">
                <Coords points="1063,8052 1296,8132 1659,8052 1767,8098 1887,8058 1983,8109 2142,8058 2375,8120 2478,8098 2478,7921 2250,7859 1847,7876 1784,7927 1631,7848 1529,7893 1398,7848 1244,7899 1063,7870"/>
                <Baseline points="1092,8026 1161,8026 1231,8029 1301,8032 1371,8033 1441,8037 1511,8034 1581,8035 1651,8037 1721,8032 1791,8032 1860,8035 1930,8038 2000,8037 2070,8033 2140,8032 2210,8032 2280,8034 2350,8038 2420,8038 2490,8044"/>
                <TextEquiv>
                    <Unicode>leisten zu müssen.</Unicode>
                </TextEquiv>
            </TextLine>
            <TextLine id="tr_1_tl_30" custom="readingOrder {index:29;}">
                <Coords points="1432,8291 5370,8365 5575,8302 5575,8035 1432,8092"/>
                <Baseline points="1463,8265 1669,8265 1875,8263 2081,8265 2288,8271 2494,8268 2700,8271 2907,8275 3113,8271 3319,8272 3526,8271 3732,8271 3938,8271 4144,8265 4351,8270 4557,8265 4763,8265 4970,8265 5176,8271 5382,8271 5589,8276"/>
                <TextEquiv>
                    <Unicode>Eines Tages ging ich jedoch wieder an's Werk, dies¬</Unicode>
                </TextEquiv>
            </TextLine>
            <TextLine id="tr_1_tl_31" custom="readingOrder {index:30;}">
                <Coords points="1057,8524 5597,8569 5597,8342 5251,8296 1057,8336"/>
                <Baseline points="1086,8497 1312,8494 1538,8497 1765,8497 1991,8497 2217,8497 2444,8497 2670,8497 2896,8497 3123,8501 3349,8501 3575,8503 3802,8497 4028,8497 4254,8497 4481,8497 4707,8497 4933,8497 5160,8500 5386,8491 5613,8497"/>
                <TextEquiv>
                    <Unicode>mal aber mit dem Vorsätze, es der Abwechslung wegen</Unicode>
                </TextEquiv>
            </TextLine>
            <TextLine id="tr_1_tl_32" custom="readingOrder {index:31;}">
                <Coords points="1057,8808 3677,8893 4768,8740 5347,8899 5603,8870 5603,8575 1847,8529 1057,8649"/>
                <Baseline points="1086,8736 1312,8727 1539,8730 1765,8736 1992,8737 2219,8736 2445,8735 2672,8730 2899,8736 3125,8735 3352,8736 3579,8736 3805,8732 4032,8736 4259,8736 4485,8736 4712,8739 4939,8736 5165,8736 5392,8736 5619,8736"/>
                <TextEquiv>
                    <Unicode>mit der polyphonen Schreibart zu versuchen. Und siehe</Unicode>
                </TextEquiv>
            </TextLine>
        </TextRegion>
    </Page>
</PcGts>
