7046 10821
3607 1058 3777 1377 4
3379 1223 3538 1508 _
3618 1297 4028 1553 n
1416 1399 5973 1815 da: zu meiner freudigen Ueberraschung wurde plötzlich
1399 1792 5939 2059 Alles lebendig, die Stimmen schienen nur darauf gewar¬
1416 2025 5933 2315 tet zu haben, dass man sie niederschriebe und waren offen¬
1434 2236 5950 2503 bar prämeditirt worden. Schnell begriff ich, dass die
1422 2463 5973 2696 Skizzen keineswegs flüchtige Entwürfe seien, sondern
1434 2736 5933 2970 ebenso vollendet und abgeschlossen, wie der übrige wirk¬
1422 2930 5939 3191 lich ausgeführte Tonsatz. Indem die alten Meister die¬
1422 3214 5956 3425 selben aufzeichneten, schufen sie zugleich das noch seh¬
1434 3362 5962 3664 lende Stimmgewebe im Geiste mit, und konnten sich wohl
1434 3624 5962 3891 um so mehr darauf verlassen, es wieder zu finden, als sie
1462 3868 5962 4136 gewöhnlich selbst für die Ausführung des Accompagne¬
1411 4119 5979 4335 ments Sorge trugen. Es muss also die Hauptaufgabe des
1445 4323 5962 4585 Bearbeiters sein, hinter die eigentlichen Absichten der
1416 4597 5973 4835 Autoren zu kommen und denen gemäss sich zu verhalten:
1439 4784 5945 5063 bleibt auch die Reconstruktion aus naheliegenden Grün¬
1445 5006 5967 5302 den für uns stets problematisch, so wird doch in sehr
1434 5239 5985 5524 vielen Fällen ein Ergebniss zu gewinnen sein, das mit
1434 5467 5967 5746 den Intentionen der Meister nicht gar zu sehr differirt.
1434 5677 5996 5962 Bach’s Bezifferungen namentlich dringen oft bis in das
1439 5945 5985 6201 kleinste Detail — es bedarf nur eines scharfen Auges und
1439 6172 5973 6411 einer geschickten Hand, um dann zuversichtlich die letzten
1434 6406 5990 6684 Entscheidungen treffen zu können. Demohngeachtet geht
1434 6656 5990 6895 die Arbeit nicht überall so leicht von Statten: manch
1434 6866 5950 7139 liebes Mal habe ich Tage lang rathlos vor ein Paar Tak¬
1428 7105 5973 7361 ten gesessen und kenne Stücke, die befriedigend zu lösen
1445 7310 5808 7617 der gegenwärtigen Kunsttechnik kaum gelingen dürfte.
1792 7572 5985 7828 Der gewonnenen Ueberzeugung gemäss, dass hier
1428 7811 5985 8078 der polyphone Stil durchschnittlich vorbedacht sei, galt
1428 8021 5945 8294 es nun die verschiedenartigsten Proben anzustellen: miss¬
1445 8260 5990 8550 glückte eine Arbeit, fasste ich sie anders an und ruhte
1428 8505 5979 8812 nicht eher, bis brauchbare Resultate zum Vorschein kamen.
