6867 10808
2989 1078 3656 1511 5
1032 1392 5601 1848 Allmählich bildete sich auf diese Weise eine Methode
1049 1785 5607 2031 heraus, die, auf dem Material der Skizzen fufsend, mit
1055 2031 5595 2287 deren Bestandtheilen die Ausführung bestreiten lernte.
1032 2236 5578 2504 Sowohl in der Struktur des Basses, als in dem Figuren¬
1061 2487 5618 2766 werke der Cantilene stellten sich Momente dar, die sich
1038 2732 5624 2983 zu Motivbildungen eigneten und mit denen gearbeitet
1067 2966 5618 3206 werden konnte — waren sie nur erst aufgefunden, dann
1055 3166 5561 3428 entwickelte sich der weitere Verlauf wie von selbst. Be¬
1067 3417 5601 3685 greiflich genug: der Stil der alten Meister entsprang aus
1055 3622 5595 3936 den einfachsten, elementarsten Gesetzen — ihren Kunst¬
1061 3890 5595 4135 gebilden liegt ein ganz ähnliches Princip zu Grunde wie
1067 4084 5595 4369 das, nach welchem Pflanze, Blüthe und Frucht aus einem
1072 4318 2726 4649 Keime emportreiben.
1392 4517 5584 4871 Aber auch die grösste Formgewandtheit würde noch
1055 4797 5584 5082 kein sicheres Gelingen verbürgt haben, wenn sie sich ohne
1049 5059 5567 5344 stete Rücksicht auf die der Skizze inwohnende Stimmung
1038 5299 5595 5630 hätte durchsetzen wollen: Beides musste vielmehr Hand
1044 5516 5059 5892 in Hand gehen und sich wechselseitig unterstützen.
1403 5846 5578 6149 So war ich denn hinsichtlich des Accompagnements
1049 6097 5584 6417 der Solosätze ziemlich im Reinen und untersuchte nun
1055 6325 5584 6582 weiter die Chöre. Um nicht unnütze Worte zu verlieren:
1044 6565 5601 6827 das Accompagnement hatte fast überall mitzuwirken, und
1032 6793 5561 7027 zwar lag in ihm recht eigentlich der Schwerpunkt der¬
1044 7038 5578 7289 artiger Musik. Ob der mit ihm Betraute an der Orgel,
1055 7210 5555 7563 ob er am Cembalo fungirte: er war der Nerv des Gan¬
1038 7495 4854 7814 zen, in ihm vereinigten sich sämmtliche Fäden.
1415 7746 5573 8065 Es kam also vor allen Dingen darauf an, einen Ton¬
1027 8019 5601 8288 satz herzustellen, der ungezwungen in die eben vorliegende
1049 8265 5578 8521 Composition passte, der die Grundstimmung derselben nicht
1032 8499 5595 8864 störte, wohl aber ihren Ausdruck hob. Selbstverständlich
