<?xml version="1.0" encoding="UTF-8" standalone="yes"?>
<PcGts xmlns="http://schema.primaresearch.org/PAGE/gts/pagecontent/2013-07-15" xmlns:xsi="http://www.w3.org/2001/XMLSchema-instance" xsi:schemaLocation="http://schema.primaresearch.org/PAGE/gts/pagecontent/2013-07-15 http://schema.primaresearch.org/PAGE/gts/pagecontent/2013-07-15/pagecontent.xsd">
    <Metadata>
        <Creator>prov=READ-COOP:name=TrHtr:version=2.23.1:model_id=51170:date=22_02_2025_11:47</Creator>
        <Created>2025-02-21T16:30:31.141+01:00</Created>
        <LastChange>2025-02-22T11:47:10.098+01:00</LastChange>
        <TranskribusMetadata docId="7038757" pageId="91997054" pageNr="8" tsid="230770296" status="IN_PROGRESS" userId="131016" imgUrl="https://files.transkribus.eu/Get?id=ZAFVFOIGFNIDKCGEJEFAMOUX&amp;fileType=view" xmlUrl="https://files.transkribus.eu/Get?id=TJSNXYMNYFNIDLWAGHQXYDBQ" imageId="76789319"/>
    </Metadata>
    <Page imageFilename="0008_bsb-franz-ofbredh-991125835919707356-tx-00015.jpg" imageWidth="7017" imageHeight="10800">
        <ReadingOrder>
            <OrderedGroup id="ro_1757316110941" caption="Regions reading order">
                <RegionRefIndexed index="0" regionRef="tr_1"/>
            </OrderedGroup>
        </ReadingOrder>
        <TextRegion orientation="0.0" id="tr_1" custom="readingOrder {index:0;}">
            <Coords points="1414,1255 1414,8664 5982,8664 5982,1255"/>
            <TextLine id="tr_1_tl_1" custom="readingOrder {index:0;}">
                <Coords points="3294,1479 3504,1422 3544,1456 3624,1428 3664,1462 3885,1405 4005,1422 4005,1189 3931,1143 3829,1166 3703,1092 3555,1172 3487,1172 3396,1246 3294,1234"/>
                <Baseline points="3325,1361 3359,1361 3394,1361 3428,1361 3463,1361 3498,1361 3532,1359 3567,1357 3601,1355 3636,1355 3671,1355 3705,1356 3740,1359 3774,1361 3809,1361 3844,1361 3878,1361 3913,1361 3947,1361 3982,1361 4017,1361"/>
                <TextEquiv>
                    <Unicode>6</Unicode>
                </TextEquiv>
            </TextLine>
            <TextLine id="tr_1_tl_2" custom="readingOrder {index:1;}">
                <Coords points="1377,1758 5899,1684 5899,1496 4887,1434 4090,1525 2753,1308 2258,1519 1382,1416"/>
                <Baseline points="1414,1671 1639,1665 1864,1660 2089,1667 2314,1665 2539,1661 2764,1664 2989,1665 3214,1660 3439,1665 3665,1665 3890,1665 4115,1665 4340,1669 4565,1665 4790,1657 5015,1659 5240,1665 5465,1659 5690,1656 5916,1647"/>
                <TextEquiv>
                    <Unicode>musste er im Stil und Geist des Meisters gehalten wer¬</Unicode>
                </TextEquiv>
            </TextLine>
            <TextLine id="tr_1_tl_3" custom="readingOrder {index:2;}">
                <Coords points="1405,1940 5928,1946 5928,1764 5410,1695 4915,1798 1405,1735"/>
                <Baseline points="1438,1886 1663,1892 1888,1880 2113,1886 2338,1892 2563,1895 2788,1892 3013,1898 3238,1892 3463,1894 3689,1897 3914,1898 4139,1898 4364,1898 4589,1892 4814,1896 5039,1893 5264,1892 5489,1892 5714,1894 5940,1886"/>
                <TextEquiv>
                    <Unicode>den — eine Aufgabe, die eine sichere Herrschaft über</Unicode>
                </TextEquiv>
            </TextLine>
            <TextLine id="tr_1_tl_4" custom="readingOrder {index:3;}">
                <Coords points="1388,2224 5569,2230 5882,2156 5882,1923 5251,2031 4824,1923 1388,1980"/>
                <Baseline points="1420,2125 1643,2125 1867,2125 2091,2125 2315,2113 2539,2119 2763,2125 2987,2122 3211,2113 3435,2125 3659,2125 3882,2125 4106,2125 4330,2125 4554,2125 4778,2119 5002,2119 5226,2116 5450,2119 5674,2119 5898,2107"/>
                <TextEquiv>
                    <Unicode>die damaligen Formen voraussetzte. Die Künste des ein¬</Unicode>
                </TextEquiv>
            </TextLine>
            <TextLine id="tr_1_tl_5" custom="readingOrder {index:4;}">
                <Coords points="1388,2401 5706,2463 5911,2406 5911,2224 1388,2230"/>
                <Baseline points="1420,2346 1645,2358 1870,2352 2095,2352 2320,2358 2545,2358 2770,2352 2995,2354 3220,2358 3445,2358 3671,2358 3896,2358 4121,2358 4346,2358 4571,2357 4796,2352 5021,2352 5246,2352 5471,2352 5696,2352 5922,2346"/>
                <TextEquiv>
                    <Unicode>fachen und doppelten Contrapunkts, der Imitation, des</Unicode>
                </TextEquiv>
            </TextLine>
            <TextLine id="tr_1_tl_6" custom="readingOrder {index:5;}">
                <Coords points="1422,2645 5899,2657 5899,2446 5353,2406 1422,2429"/>
                <Baseline points="1456,2579 1679,2589 1902,2590 2125,2587 2348,2585 2571,2585 2794,2591 3017,2577 3240,2586 3463,2591 3686,2591 3909,2591 4132,2585 4355,2591 4578,2591 4801,2591 5024,2591 5247,2591 5470,2591 5693,2585 5916,2573"/>
                <TextEquiv>
                    <Unicode>Canons und der Fuge: den Alten waren sie keine Schran¬</Unicode>
                </TextEquiv>
            </TextLine>
            <TextLine id="tr_1_tl_7" custom="readingOrder {index:6;}">
                <Coords points="1399,2896 5916,2890 5916,2657 5234,2617 3755,2731 1399,2634"/>
                <Baseline points="1432,2817 1656,2817 1881,2806 2106,2811 2331,2811 2556,2813 2780,2807 3005,2811 3230,2812 3455,2811 3680,2812 3904,2819 4129,2823 4354,2820 4579,2823 4804,2817 5028,2823 5253,2817 5478,2823 5703,2817 5928,2811"/>
                <TextEquiv>
                    <Unicode>ken gewesen, der Bearbeiter durfte sich durch dieselben</Unicode>
                </TextEquiv>
            </TextLine>
            <TextLine id="tr_1_tl_8" custom="readingOrder {index:7;}">
                <Coords points="1405,3152 1621,3089 2099,3157 3220,3083 3334,3152 3447,3083 3743,3100 3743,2884 1405,2901"/>
                <Baseline points="1438,3050 1553,3044 1669,3044 1785,3050 1901,3050 2017,3046 2133,3049 2248,3045 2364,3050 2480,3045 2596,3044 2712,3044 2828,3044 2944,3044 3059,3039 3175,3044 3291,3049 3407,3050 3523,3050 3639,3050 3755,3044"/>
                <TextEquiv>
                    <Unicode>ebenfalls nicht beengt fühlen.</Unicode>
                </TextEquiv>
            </TextLine>
            <TextLine id="tr_1_tl_9" custom="readingOrder {index:8;}">
                <Coords points="1764,3351 5916,3385 5916,3135 5649,3089 1764,3146"/>
                <Baseline points="1797,3265 2003,3272 2210,3280 2416,3278 2623,3277 2829,3277 3036,3277 3242,3277 3449,3281 3655,3283 3862,3289 4069,3283 4275,3286 4482,3273 4688,3284 4895,3283 5101,3283 5308,3277 5514,3277 5721,3279 5928,3253"/>
                <TextEquiv>
                    <Unicode>War ein Tonsatz in diesem Sinne gewonnen, so han-</Unicode>
                </TextEquiv>
            </TextLine>
            <TextLine id="tr_1_tl_10" custom="readingOrder {index:9;}">
                <Coords points="1405,3578 5939,3595 5882,3356 1405,3356"/>
                <Baseline points="1438,3516 1663,3510 1889,3510 2115,3510 2340,3512 2566,3504 2792,3504 3017,3510 3243,3509 3469,3514 3695,3516 3920,3516 4146,3516 4372,3516 4597,3516 4823,3506 5049,3516 5274,3507 5500,3510 5726,3507 5952,3510"/>
                <TextEquiv>
                    <Unicode>delte es sich demnächst um das Material, mit welchem</Unicode>
                </TextEquiv>
            </TextLine>
            <TextLine id="tr_1_tl_11" custom="readingOrder {index:10;}">
                <Coords points="1399,3783 5945,3783 5945,3601 5677,3544 4517,3658 1399,3590"/>
                <Baseline points="1432,3743 1658,3737 1884,3737 2110,3737 2336,3737 2562,3737 2788,3737 3014,3738 3240,3743 3466,3743 3692,3748 3918,3749 4144,3749 4370,3743 4596,3748 4822,3739 5048,3743 5274,3737 5500,3737 5726,3737 5952,3731"/>
                <TextEquiv>
                    <Unicode>er dargestellt werden sollte. Zu Bach's und Händel’s Zeit</Unicode>
                </TextEquiv>
            </TextLine>
            <TextLine id="tr_1_tl_12" custom="readingOrder {index:11;}">
                <Coords points="1405,4090 5894,4056 5894,3823 5694,3783 1405,3789"/>
                <Baseline points="1438,3970 1661,3970 1885,3976 2108,3973 2332,3964 2556,3970 2779,3970 3003,3970 3226,3970 3450,3973 3674,3976 3897,3973 4121,3976 4344,3970 4568,3964 4792,3961 5015,3970 5239,3964 5462,3970 5686,3970 5910,3964"/>
                <TextEquiv>
                    <Unicode>hatte man sich des Cembalo und der Orgel bedient; zu¬</Unicode>
                </TextEquiv>
            </TextLine>
            <TextLine id="tr_1_tl_13" custom="readingOrder {index:12;}">
                <Coords points="1416,4278 5774,4289 5933,4261 5933,4050 1416,4079"/>
                <Baseline points="1450,4202 1674,4197 1899,4197 2124,4202 2349,4202 2574,4202 2798,4197 3023,4202 3248,4202 3473,4206 3698,4208 3922,4208 4147,4207 4372,4202 4597,4202 4822,4202 5046,4197 5271,4197 5496,4198 5721,4199 5946,4202"/>
                <TextEquiv>
                    <Unicode>weilen sollen sogar zwei Cembali und zwei Orgeln in</Unicode>
                </TextEquiv>
            </TextLine>
            <TextLine id="tr_1_tl_14" custom="readingOrder {index:13;}">
                <Coords points="1439,4500 5899,4505 5899,4267 5672,4255 1439,4272"/>
                <Baseline points="1468,4411 1690,4435 1912,4423 2135,4432 2357,4418 2580,4429 2802,4435 3024,4437 3247,4440 3469,4435 3692,4430 3914,4435 4136,4440 4359,4435 4581,4435 4804,4436 5026,4439 5248,4435 5471,4423 5693,4425 5916,4417"/>
                <TextEquiv>
                    <Unicode>Thätigkeit gewesen sein. Abgesehen davon, dass gegen¬</Unicode>
                </TextEquiv>
            </TextLine>
            <TextLine id="tr_1_tl_15" custom="readingOrder {index:14;}">
                <Coords points="1411,4739 5928,4733 5888,4517 1411,4483"/>
                <Baseline points="1444,4662 1668,4665 1893,4650 2118,4659 2343,4674 2568,4665 2792,4662 3017,4668 3242,4668 3467,4668 3692,4674 3916,4664 4141,4667 4366,4662 4591,4668 4816,4662 5040,4669 5265,4674 5490,4661 5715,4666 5940,4662"/>
                <TextEquiv>
                    <Unicode>wärtig Niemand die sehr wichtige Vorfrage, wann jenes</Unicode>
                </TextEquiv>
            </TextLine>
            <TextLine id="tr_1_tl_16" custom="readingOrder {index:15;}">
                <Coords points="1399,4966 5643,5012 5945,4983 5945,4722 1399,4761"/>
                <Baseline points="1432,4901 1658,4895 1884,4895 2110,4895 2336,4895 2562,4889 2788,4895 3014,4899 3240,4901 3466,4901 3692,4895 3918,4901 4144,4899 4370,4895 4596,4895 4822,4901 5048,4899 5274,4894 5500,4895 5726,4889 5952,4901"/>
                <TextEquiv>
                    <Unicode>Instrument und wann dieses mitzuwirken habe, bestimmt</Unicode>
                </TextEquiv>
            </TextLine>
            <TextLine id="tr_1_tl_17" custom="readingOrder {index:16;}">
                <Coords points="1399,5222 5495,5256 5945,5217 5945,4978 1399,4989"/>
                <Baseline points="1432,5134 1658,5128 1884,5128 2110,5128 2337,5128 2563,5126 2789,5123 3016,5130 3242,5128 3468,5140 3695,5130 3921,5133 4147,5134 4373,5134 4600,5134 4826,5128 5052,5128 5279,5128 5505,5128 5731,5128 5958,5134"/>
                <TextEquiv>
                    <Unicode>zu entscheiden vermag, mahnen noch andere Gründe von</Unicode>
                </TextEquiv>
            </TextLine>
            <TextLine id="tr_1_tl_18" custom="readingOrder {index:17;}">
                <Coords points="1399,5404 5211,5490 5945,5364 5945,5222 5592,5165 1399,5222"/>
                <Baseline points="1432,5355 1658,5361 1884,5361 2110,5366 2336,5360 2562,5356 2788,5355 3014,5361 3240,5367 3466,5361 3692,5356 3918,5361 4144,5360 4370,5361 4596,5361 4822,5361 5048,5361 5274,5361 5500,5355 5726,5358 5952,5349"/>
                <TextEquiv>
                    <Unicode>einer zu ausgedehnten Anwendung beider ab. Das Cem¬</Unicode>
                </TextEquiv>
            </TextLine>
            <TextLine id="tr_1_tl_19" custom="readingOrder {index:18;}">
                <Coords points="1399,5649 5950,5683 5831,5433 1399,5467"/>
                <Baseline points="1432,5588 1658,5591 1885,5594 2111,5594 2338,5594 2565,5590 2791,5588 3018,5594 3244,5599 3471,5594 3698,5592 3924,5594 4151,5600 4377,5595 4604,5582 4831,5594 5057,5594 5284,5594 5510,5591 5737,5594 5964,5594"/>
                <TextEquiv>
                    <Unicode>balo ist im Strome der Zeiten untergegangen und mit</Unicode>
                </TextEquiv>
            </TextLine>
            <TextLine id="tr_1_tl_20" custom="readingOrder {index:19;}">
                <Coords points="1439,5871 5939,5894 5939,5706 5188,5649 1439,5672"/>
                <Baseline points="1468,5819 1692,5823 1916,5814 2140,5817 2364,5820 2589,5813 2813,5826 3037,5826 3261,5826 3485,5823 3710,5820 3934,5823 4158,5826 4382,5823 4606,5826 4831,5826 5055,5826 5279,5823 5503,5826 5727,5820 5952,5814"/>
                <TextEquiv>
                    <Unicode>ihm eine Menge contrastirender Klangfarben, die, aus der</Unicode>
                </TextEquiv>
            </TextLine>
            <TextLine id="tr_1_tl_21" custom="readingOrder {index:20;}">
                <Coords points="1405,6093 5939,6115 5939,5899 1405,5888"/>
                <Baseline points="1438,6065 1663,6053 1889,6053 2115,6047 2340,6057 2566,6060 2792,6061 3017,6065 3243,6060 3469,6057 3695,6053 3920,6059 4146,6054 4372,6057 4597,6054 4823,6059 5049,6047 5274,6053 5500,6053 5726,6056 5952,6053"/>
                <TextEquiv>
                    <Unicode>Mischung des 4, 8 und 16-Fufstons entspringend, ohne</Unicode>
                </TextEquiv>
            </TextLine>
            <TextLine id="tr_1_tl_22" custom="readingOrder {index:21;}">
                <Coords points="1399,6343 5945,6326 5780,6110 1399,6104"/>
                <Baseline points="1432,6280 1658,6280 1884,6280 2110,6286 2337,6292 2563,6292 2789,6286 3016,6288 3242,6286 3468,6286 3695,6292 3921,6281 4147,6288 4373,6292 4600,6286 4826,6285 5052,6292 5279,6292 5505,6286 5731,6286 5958,6286"/>
                <TextEquiv>
                    <Unicode>Zweifel überraschende Wirkungen hervorgebracht haben</Unicode>
                </TextEquiv>
            </TextLine>
            <TextLine id="tr_1_tl_23" custom="readingOrder {index:22;}">
                <Coords points="1394,6565 5967,6605 5967,6417 5529,6337 1394,6406"/>
                <Baseline points="1426,6519 1653,6513 1881,6514 2108,6521 2336,6514 2563,6517 2791,6514 3018,6513 3246,6519 3473,6519 3701,6519 3928,6525 4156,6522 4383,6519 4611,6519 4838,6518 5066,6519 5293,6519 5521,6517 5748,6519 5976,6519"/>
                <TextEquiv>
                    <Unicode>mögen. So sehr dieser Verlust zu bedauern ist, wird man</Unicode>
                </TextEquiv>
            </TextLine>
            <TextLine id="tr_1_tl_24" custom="readingOrder {index:23;}">
                <Coords points="1394,6821 5933,6775 5774,6548 1399,6622"/>
                <Baseline points="1432,6758 1657,6752 1883,6748 2109,6747 2334,6752 2560,6752 2786,6743 3011,6747 3237,6753 3463,6748 3689,6751 3914,6750 4140,6746 4366,6746 4591,6746 4817,6746 5043,6752 5268,6746 5494,6746 5720,6743 5946,6746"/>
                <TextEquiv>
                    <Unicode>sich ihm doch fügen müssen: schwerlich ist der heutige</Unicode>
                </TextEquiv>
            </TextLine>
            <TextLine id="tr_1_tl_25" custom="readingOrder {index:24;}">
                <Coords points="1428,7031 5945,7037 5945,6844 5473,6770 3971,6883 1428,6809"/>
                <Baseline points="1462,6967 1686,6984 1911,6985 2136,6985 2361,6984 2586,6985 2810,6985 3035,6985 3260,6990 3485,6985 3710,6985 3934,6985 4159,6979 4384,6979 4609,6985 4834,6985 5058,6985 5283,6983 5508,6980 5733,6979 5958,6985"/>
                <TextEquiv>
                    <Unicode>Flügel ein passendes Aequivalent für das alte Cembalo.</Unicode>
                </TextEquiv>
            </TextLine>
            <TextLine id="tr_1_tl_26" custom="readingOrder {index:25;}">
                <Coords points="1428,7282 5916,7236 5916,7060 5632,7026 1428,7031"/>
                <Baseline points="1462,7217 1685,7211 1908,7218 2131,7219 2354,7217 2577,7215 2800,7211 3023,7215 3246,7211 3469,7213 3692,7217 3915,7217 4138,7217 4361,7214 4584,7217 4807,7217 5030,7211 5253,7211 5476,7205 5699,7211 5922,7200"/>
                <TextEquiv>
                    <Unicode>Haben z. B. die Violinen in hohen Tonlagen einen be¬</Unicode>
                </TextEquiv>
            </TextLine>
            <TextLine id="tr_1_tl_27" custom="readingOrder {index:26;}">
                <Coords points="1439,7538 5632,7538 5962,7486 5962,7265 1439,7304"/>
                <Baseline points="1468,7444 1693,7450 1918,7450 2144,7449 2369,7444 2595,7450 2820,7445 3045,7450 3271,7450 3496,7450 3722,7450 3947,7450 4172,7450 4398,7446 4623,7450 4849,7450 5074,7450 5299,7450 5525,7450 5750,7447 5976,7438"/>
                <TextEquiv>
                    <Unicode>gleitenden Contrapunkt zur Cantilene auszufuhren, indem</Unicode>
                </TextEquiv>
            </TextLine>
            <TextLine id="tr_1_tl_28" custom="readingOrder {index:27;}">
                <Coords points="1422,7720 5393,7765 5939,7720 5939,7492 1422,7515"/>
                <Baseline points="1456,7689 1680,7679 1905,7684 2129,7683 2354,7683 2578,7677 2803,7683 3027,7677 3252,7683 3476,7677 3701,7677 3925,7677 4150,7677 4374,7680 4599,7677 4823,7677 5048,7677 5272,7680 5497,7677 5721,7677 5946,7671"/>
                <TextEquiv>
                    <Unicode>sie sich dabei nur auf den weit abstehenden Continuo</Unicode>
                </TextEquiv>
            </TextLine>
            <TextLine id="tr_1_tl_29" custom="readingOrder {index:28;}">
                <Coords points="1428,7987 5643,8021 5973,7964 5973,7731 1428,7777"/>
                <Baseline points="1462,7910 1688,7916 1914,7916 2140,7913 2366,7909 2592,7904 2818,7915 3044,7912 3270,7915 3496,7913 3722,7915 3948,7911 4174,7910 4400,7910 4626,7906 4852,7910 5078,7908 5304,7910 5530,7907 5756,7910 5982,7910"/>
                <TextEquiv>
                    <Unicode>stützen, so werden dergleichen Klangverhältnisse durch</Unicode>
                </TextEquiv>
            </TextLine>
            <TextLine id="tr_1_tl_30" custom="readingOrder {index:29;}">
                <Coords points="1422,8192 5222,8249 5950,8203 5950,7981 1422,7993"/>
                <Baseline points="1456,8149 1681,8143 1906,8145 2132,8148 2357,8139 2583,8143 2808,8144 3033,8143 3259,8139 3484,8143 3710,8143 3935,8141 4160,8132 4386,8130 4611,8143 4837,8133 5062,8137 5287,8143 5513,8143 5738,8140 5964,8131"/>
                <TextEquiv>
                    <Unicode>den hinzutretenden Flügel keineswegs ausgeglichen, son¬</Unicode>
                </TextEquiv>
            </TextLine>
            <TextLine id="tr_1_tl_31" custom="readingOrder {index:30;}">
                <Coords points="1445,8419 5638,8459 5950,8436 5950,8237 1445,8260"/>
                <Baseline points="1474,8376 1698,8374 1923,8382 2147,8378 2372,8376 2596,8380 2821,8377 3045,8372 3270,8376 3494,8373 3719,8370 3943,8367 4168,8370 4392,8370 4617,8370 4841,8370 5066,8370 5290,8367 5515,8376 5739,8370 5964,8370"/>
                <TextEquiv>
                    <Unicode>dern klaffen noch weit schneidender auseinander. Unser</Unicode>
                </TextEquiv>
            </TextLine>
            <TextLine id="tr_1_tl_32" custom="readingOrder {index:31;}">
                <Coords points="1445,8727 5950,8732 5950,8448 1445,8471"/>
                <Baseline points="1474,8608 1698,8608 1923,8609 2147,8608 2372,8608 2596,8614 2821,8608 3045,8608 3270,8608 3494,8608 3719,8608 3943,8605 4168,8608 4392,8608 4617,8602 4841,8605 5066,8602 5290,8602 5515,8608 5739,8608 5964,8602"/>
                <TextEquiv>
                    <Unicode>durch das moderne Orchester verfeinertes Ohr wird aber</Unicode>
                </TextEquiv>
            </TextLine>
        </TextRegion>
    </Page>
</PcGts>
