6875 10796
3034 1032 3747 1494 7
1101 1420 5670 1791 mit Recht wider solche Unvollkommenheiten protestiren
1112 1734 3399 2025 und Abhülfe fordern dürfen.
1477 1973 5670 2213 Was nun die Benutzung der Orgel anbelangt, steht
1118 2202 5664 2487 sie wohl bei Auffuhrungen in der Kirche, weit seltener
1101 2441 5664 2704 aber bei denen im Concertsaale zur Verfügung. So lange
1118 2664 5681 2937 diesem Uebelstande nicht abgeholfen ist, wird man oft
1181 2909 5658 3160 genug auf die Mitwirkung derselben verzichten müssen.
1101 3166 5670 3388 Aber auch noch andere, nicht minder wichtige Gründe
1118 3354 5647 3605 sprechen wider einen zu ausgedehnten Gebrauch des mäch¬
1129 3616 5675 3856 tigen Instrumentes: selten stimmt es rein zum Orchester,
1135 3822 5692 4107 weil seine Temperatur eine gleichschwebende, die des
1112 4044 5698 4323 letzteren dagegen eine ungleichschwebende ist. Weiter
1112 4255 5698 4569 hat sein Ton einen starren, unbiegsamen Charakter, der
1118 4517 5687 4746 nicht in allen Registern leicht anspricht und durch einen
1107 4728 5504 5031 äusserst complicirten Mechanismus hervorgebracht wird.
1443 4957 5658 5265 Diese Bedenken schienen mir erheblich genug zu sein,
1118 5242 5687 5487 um dem Cembalo und der Orgel beim Accompagnement
1112 5458 5647 5721 eine etwas beschränktere Thätigkeit anzuweisen. Ersteres,
1118 5664 5681 5909 dem natürlich der Flügel zu substituiren war, eignete sich
1135 5903 5652 6171 vorzüglich zur Begleitung der Seccorecitative, letztere
1118 6154 5675 6400 konnte bei den entscheidenden Stellen, den etwa noch
1112 6388 5612 6656 fehlenden Glanz hinzufügend, als Verstärkungsmittel die¬
1118 6622 5675 6862 nen. Das eigentliche Accompagnement, also der aus den
1095 6833 5635 7095 Bafssignaturen gezogene Tonfatz, wurde aber dem Or¬
1112 7033 5630 7295 chester überwiesen. Dieses hatte ja seitdem an Beweglich¬
1118 7284 5624 7569 keit Mannichfaltigkeit und Ausdrucksfähigkeit, Eigenschaf¬
1101 7535 5658 7774 ten, die ihm dem früheren Begleitungsmaterial gegenüber
1112 7786 5624 8031 eine grosse Ueberlegenheit sicherten, ausserordentlich ge¬
1129 7997 5618 8253 wonnen: es lag nahe, von diesen Vorzügen mässigen Ge¬
1107 8219 5635 8476 brauch zu machen. — Die Clarinetten und Fagotte em¬
1118 8447 5664 8818 pfahlen sich, weil ihre Klangwirkungen so ziemlich denen
