7046 10800
3295 977 4017 1432 8
1369 1352 5920 1744 der Orgel entsprachen und sie ausserdem ein treffliches
1375 1682 5914 1943 Mittel zur Ausführung des vierstimmigen Satzes abgaben,
1375 1932 5914 2153 der sich in ungezwungener Natürlichkeit überall einlegen
1386 2148 5926 2363 liess. Bei Aufführungen war dafür Sorge zu tragen, dies
1375 2358 5943 2625 Bläserquartett in der Nähe des ersten Contrabasses, mit
1375 2608 5926 2880 dem es im genauesten Verkehr stand, aufzustellen. So
1364 2835 5886 3119 schmiegte sich das Begleitungsmaterial elastisch der Sing¬
1381 3062 5926 3301 stimme an und liess fast vergessen, dass es nicht in der
1364 3284 5908 3562 Hand einer Person, der des früheren Accompagnenten,
1386 3528 1682 3806 lag.
1756 3539 5926 3784 — Die weichen Hörner deckten die Schärfe der
1381 3750 5920 4045 hochgeführten Trompeten, Oboen und Flöten setzten hin
1381 3994 5761 4278 und wieder feinere Lichter auf und dergleichen mehr.
1744 4227 5920 4477 Demgemäss traf ich also meine Einrichtungen und
1381 4426 5908 4755 war über den Erfolg, den sie hatten, freudig erstaunt.
1369 4681 5886 4937 Das Orchester fand sich bald zurecht; die Sänger ge¬
1375 4914 5903 5198 wannen an Zuversicht, weil sie von jenem theilnehmend
1403 5159 5903 5448 getragen wurden, und den obligaten Instrumenten war
1375 5414 5886 5670 eine Unterstützung, die wie ein feiner Kill weit auseinan¬
1364 5613 5880 5908 derliegende Tonverhältnisse sauber verband, auch nur er¬
1364 5852 5903 6113 wünscht. Ausserdem sahen sich meine Arbeiten reichlich
1364 6079 5891 6312 belohnt durch gar nicht zu verkennende Theilnahme des
1352 6318 5891 6596 Publikums, das kaum glauben wollte, sich noch jener
1341 6550 5891 6800 alten, wunderlichen Musik, die ihm schon manche schwere
1352 6783 5897 7062 Stunde bereitet hatte, gegenüber zu befinden: — kurzum,
1341 7011 5914 7295 Alles trug dazu bei, mich von der Wahrheit meiner
1358 7266 5897 7533 Principien und deren Werth für die Praxis zu überzeugen.
1716 7488 5914 7766 Dass sich meine Thätigkeit im Allgemeinen mit den
1358 7727 5914 7971 Grundsätzen, denen Mozart's Bearbeitungen folgen, in
1375 7954 5891 8215 Uebereinstimmung befand, konnte ich damals, wo der
1346 8141 5891 8442 Einblick in die Originale noch sehr erschwert war, kaum
1341 8437 5880 8755 ahnen: erst später nahm ich es nicht ohne Genugthuung
