6908 10842
3042 1041 3739 1481 9
1115 1424 5655 1761 wahr. Wenn ich in dieser Thatsache keinen Zufall er¬
1115 1727 5643 1990 blicke, vielmehr eine Nothwendigkeit, die mit der natür¬
1103 1967 5672 2247 lichen Beschaffenheit der Vorlagen zusammenhängt, so
1115 2201 5672 2453 wird mir dies hoffentlich nicht als Anmassung ausgelegt
1121 2413 1767 2704 werden.
1475 2659 5677 2910 Der Wunsch lag nun nahe, die in Halle gewonnenen
1121 2847 5649 3133 Resultate auch für weitere Kreise nutzbar zu machen
1109 3110 5683 3368 Bald bot sich Gelegenheit zur Veröffentlichung einiger
1126 3339 5677 3619 Partituren, so dass nach und nach folgende Bearbeitungen
1126 3608 5683 3842 erschienen: Bach's «Magnificat», die Cantaten: «ich hatte
1121 3814 5603 4082 viel Bekümmerniss», «Gottes Zeit ist die allerbeste Zeit»
1132 4025 2556 4340 «o ewiges Feuer,
2636 4025 5632 4362 o Ursprung der Liebe», «die Trauer
1138 4282 2693 4568 ode» und endlich:
2807 4271 5666 4557 «die Matthäuspession». Ausserdem:
1132 4500 5655 4763 Händel's «Jubilate», Astorga's «Stabat mater» und Du¬
1098 4717 2750 5043 rante's «Magnificat».
1504 4934 5655 5232 Von sämmtlichen Publicationen versprach ich mir
1109 5191 2373 5500 raschen Erfolg
2499 5237 5666 5472 - fand mich aber leider sehr getäuscht.
1126 5437 5677 5718 Der Verdacht, dass die Mehrzahl der Künstler Seb. Bach's
1103 5672 5649 5952 Namen lieber im Munde führe, als dass ihr die Verbreitung
1115 5900 5666 6141 seiner Werke ernstlich am Herzen läge, schien sich leider
1103 6141 5643 6426 zu bestätigen. Ueberdiese mochte man es für unan¬
1189 6381 5677 6638 gemessen halten, sich von einem der Zeitgenossen in
1115 6604 5689 6878 Dingen vorschreiben zu lassen, die sich Jeder eben so gut,
1121 6815 4277 7124 wenn nicht besser auszuführen getraute.
1469 7015 5643 7313 Dazu gesellte sich noch die unsicher testende Hal¬
1115 7330 5683 7559 tung der Tageskritik: statt die betreffenden Werke
1121 7519 5695 7787 als Novitäten, welche sie doch im Durchschnitt für die
1126 7804 5649 8062 Gegenwart waren, aufzufassen und den lange genug vor¬
1126 8022 5677 8273 enthaltenen Nachweis ihres ausserordentlichen Werthes
1103 8239 5700 8479 endlich zu führen, liess man sie ganz unbeachtet und
1103 8525 5700 8822 nörgelte dafür um so kleinlicher an meiner Thätigkeit.
