7767 11213
4303 1215 4540 1529 10
4037 1387 4778 1672 n
1903 1434 6686 2181 Dass es sich hier möglicherweise um eine Angelegenheit
1903 1719 6621 2418 handeln könne, an deren guten oder schlechten Austrag
1921 1944 6633 2644 das nächste Schicksal dieser Werke geknüpft sei, davon
1885 2205 6585 2839 mochten die Herren Recensenten wohl kaum eine Vor¬
1879 2418 6574 3082 stellung haben. Dergleichen Arbeiten fielen nach ihrer
1849 2638 6544 3302 Meinung in die Kategorie der Arrangements, die sich schon
1897 2863 6532 3562 glücklich preisen durften, wenn man sie in die kleine
1879 3094 4754 3616 Schrift der Musikzeitungen verwies.
2270 3331 6461 3977 Um aber meine Lage noch zu verschlimmern, tauchte
1849 3503 6461 4244 damals eine Richtung auf, die sich zwar vorwiegend mit
1849 3788 6437 4440 historisch-archäologischen, die Musik betreffenden Studien
1849 4007 6402 4701 beschäftigte, jedoch wohl auch gelegentlich die Hand an
1802 4238 6372 4908 rein Artistisches legte. Die Koryphäen derselben traten
1796 4452 6342 5175 mit starkem Selbstgefühl, aber leider nur sehr mässiger
1784 4701 6307 5453 Kunstbegabung auf — dessenohngeachtet wussten sie sich,
1737 4872 6313 5613 da sie mit der Feder einen nicht zu unterschätzenden
1731 5204 6242 5845 Einfluss auf die musikalischen Fachblätter ausübten, rührig
1689 5424 6265 6064 zur Geltung zu bringen. Natürlich wurde die Frage, nach
1677 5643 6218 6319 welchen Grundsätzen die Bearbeitung älterer Tonwerke
1630 5886 6230 6520 gegenwärtig statt zu finden habe, alsbald in den Kreis
1618 6093 6200 6734 ihrer Untersuchungen gezogen — fand sie auch keine
1612 6313 6159 6989 befriedigende Lösung, so kam sie doch wenigstens in
1547 6538 6129 7232 Bewegung. Hinsichtlich des Begleitungsmaterials ging
1529 6751 6123 7427 man, wie sich das hier von selbst verstand, direkt auf
1523 7030 6058 7682 die Darstellungsmittel der Altvordern, also auf das Cem¬
1500 7202 6076 7943 balo und die Orgel, zurück. In diesem Punkte waren
1464 7475 6040 8156 Alle untereinander einig: weniger über die Methode,
1476 7724 5993 8417 welcher die ergänzende Thätigkeit zu folgen habe. Wäh.
1452 7895 5999 8607 rend Einige die curiose Forderung einer «gröfstmöglichen
1446 8115 5993 8838 Ne congressität der Ausfüllungen» stellten, letztere mithin auf
1423 8441 5975 9116 das bescheidenste Maass beschränkt wissen wollten, zeigten
