6896 10833
3040 1108 3762 1546 11
1114 1415 5665 1796 sich dagegen Andere minder scrupulös und meinten, man
1125 1767 5677 2017 brauche nur eine klare Einsicht in das ABC dieser Sache
1154 1995 5682 2256 (der Accompagnementskunst) zu haben, um sich leicht
1159 2228 5660 2483 überall selbst helfen zu können; jeder geschickte Musiker,
1159 2455 5682 2728 ja jeder musikkundige Dilettant wäre befähigt, den Weg,
1142 2733 5682 2989 der hier einzuschlagen sei, ohne langwierige Studien mit
1131 2926 5671 3177 Sicherheit zu betreten. Dass die «grösstmögliche Neutra¬
1125 3131 5677 3415 lität der Ausfüllungen" nothwendig zur Charakterlosigkeit,
1142 3415 5694 3631 die «klare Einsicht in das ABC dieser Sache» aber zu
1142 3603 5694 3983 offenbaren Leichtfertigkeiten fuhren müsse, kam dabei
1136 3847 3108 4188 nicht weiter in Betracht.
1500 4103 5682 4376 Besonders liess es sich die Redaktion der «allgemeinen
1142 4285 5682 4620 musikalischen Zeitung" angelegen sein, hier die Leitung
1136 4597 5688 4819 zu übernehmen und führte dabei eine Sprache, dass man
1131 4796 5654 5046 hätte glauben sollen, sie handle unter ganz bestimmten höhe¬
1142 4984 5688 5319 ren Vollmachten. Namentlich behielt sie die Gesanginstitute,
1154 5222 5677 5484 welche Händel’sche Voralmusik zur Aufführung brachten,
1154 5467 5711 5722 scharf im Auge. Ihre Forderungen beschränkten sich
1159 5711 5682 5995 aber keineswegs auf eine treue Wiedergabe der Originale,
1159 5967 5654 6217 ebenso energisch wurde auf das historische Accompagne¬
1159 6194 5688 6450 mentsmaterial gedrungen, und zwar fand besondere Gnade,
1171 6444 5682 6688 wer sich so eng als möglich den Partituren der «deutschen
1159 6626 5671 6887 Händelgesellschaft» anschloss, deren Redaktion bekannt¬
1159 6882 5671 7211 lich mit der der «allgemeinen musikalischen Zeitung» zu¬
1159 7086 2137 7399 sammenfällt.
1517 7279 5665 7592 Dagegen erfreuten sich die sogenannten « Bearbei¬
1142 7569 5694 7825 tungen» durchaus nicht des Wohlwollens der «allgemeinen
1171 7859 5700 8063 musikalischen Zeitung». Mozart direkt anzugreifen, schien
1142 8052 5694 8285 zwar aus naheliegenden Gründen inopportun, obschon
1176 8251 5660 8535 die Clavierbegleitung der «deutschen Händelgesellschaft*
1142 8518 5694 8853 zum Alexanderfest indirekt wenigstens eine eigenthümliche
