7079 10817
3461 1082 3694 1360 12
3218 1207 3937 1518 n
1320 1456 5841 1750 Kritik des Mozart’schen Tonfatzes liefert*) — dafür wurde
5597 1767 5801 1920 * *
1297 1750 5722 1983 mit Mendelssohn um so weniger Federlesens gemacht
1292 1988 5835 2260 und nun gar das übrige obscure Gelichter ohne Umstände
1320 2192 5835 2464 über Bord geworfen. So liess sich unser Blatt noch vor
1320 2419 2187 2714 Kurzem xx
2272 2453 5846 2787 veranlasst durch ein Referat über die Auf¬
1592 2753 5846 3133 *) Als Beispiel dieser Kritik diene der 2. u. 3. Takt des Ritornells
1320 2985 5014 3325 der Sepranarie: „Krieg o Held“. Mozart's Tonfatz lautet:
3620 3348 3903 3671 4
2912 3456 3116 3671 –
3325 3473 4413 4096 №ßⵔ
1558 4691 5846 4968 Die Clavierbegleitung der „deutschen Händelgesellschaft“ bemüht
1297 4872 5841 5166 sich, die Mittelstimme etwas melodischer zu führen und überrascht uns
1292 5115 5846 5314 bei der Gelegenheit mit einem nicht eben wohllautenden Quintenpaar;
1292 5280 5829 5506 vielleicht wollte sie auch nur Mozart's verdeckte quinten ironisch durch
1309 5455 5841 5705 offene illustriren. Uebrigens passt das g der Mittelstimme hierher wie
1292 5637 3427 5937 die Faust auf's Auge. Man sehe:
3461 5909 3756 6254 nä:
3246 6164 4050 6447 und
4147 6311 4379 6594 20
2719 6084 3042 6588 5
3427 6367 3671 6549 as
3552 6503 3818 6855 ainte
1564 7500 5835 7823 **) Ob Mendelssohn's Orgelstimme zu „Israel in Aegypten“ in Händel’s
1314 7772 5829 8027 Weise gehalten ist oder nicht, darüber möchte ich mir keine Entscheidung
1297 7965 5807 8180 anmassen, hinsichtlich der von der „deutschen Händelgesellschaft“ ge¬
1286 8118 5818 8424 lieferten Clavierbegleitung genannten Werkes braucht man schon weniger
1275 8339 2504 8565 zweifelhaft zu sein.
1569 8430 3665 8803 **) Jahrgang VI. d. 19. S. 299.
