6904 10804
3363 1045 3590 1375 13
3101 1250 3811 1585 nommen
1176 1431 5674 1852 führung des Händel’schen „Allegro’ in der Wiener Sing¬
1176 1812 4283 2102 akademie, folgendermassen vernehmen:
1539 2056 5708 2266 «Hoffentlich wird die Akademie nach diesem ihr
1176 2238 5691 2488 abermals gelungenen Versuche eine vollständige Auffüh¬
1170 2511 5720 2749 rung des «Allegro» zu Wege bringen, wobei wir uns
1181 2721 5720 3010 dem Wunsche des obigen Referenten um Benutzung der
1187 2965 5714 3243 ursprünglichen Orchesterbegleitung (mit Ausschluss der
1181 3181 5680 3425 leidigen modernen*) « Bearbeitungen») anschliessen, weil
1164 3425 5703 3669 nur dadurch die volle Wirkung verbürgt ist. Was wäre
1181 3641 5703 3902 es anders als barbarische Geschmacklosigkeit, wollte man
1170 3896 5714 4124 alte Gemälde neu überpinseln? Ist es aber in der Musik
1164 4112 2976 4402 nicht genau dasselbe?”
4720 4078 5493 4391 (Die Red.)
1568 4328 5697 4578 Was die zuletzt aufgeworfene Frage betrifft, so ist
1164 4538 5674 4839 sie auf das Entschiedenste zu verneinen. Es ist keines¬
1176 4817 5697 5050 wegs dasselbe, ein fertiges Gemälde zu überpinseln, und
1170 5010 5708 5311 die von dem Urheber einer musikalischen Composition
1170 5237 5680 5521 offengelassenen Lücken nach seinen gegebenen An¬
1170 5510 5697 5760 deutungen auszufüllen. Hierüber ist weiter kein Wort zu
1147 5760 5703 6009 verlieren; wohl aber halte ich mich für verpflichtet, den
1153 5975 5652 6174 in obiger Anmerkung enthaltenen Hetzereien, die wahr¬
1153 6180 5697 6452 scheinlich auch auf meine Bearbeitungen zielen werden
1193 6418 5657 6685 (ja vielleicht gerade auf meine Partitur des «Allegro»
1142 6674 5708 6941 nach der damals in Berlin eine Aufführung stattgefunden
1142 6890 5680 7180 hatte, vor welchem Unglück man jetzt Wien zu schützen
1170 7140 5663 7412 gedachte), mit einigen Bemerkungen entgegenzutreten. Sie
1176 7344 5686 7611 wollen in keiner Weise eine oratio pro domo sein, sondern
1147 7560 5691 7838 beabsichtigen nur die Constatirung der Thatsache, dass,
1181 7821 5697 8162 wenn etwa den väterlichen Warnungen der «allgemeinen
1443 8060 5697 8395 *) Was mag hier das Wort „modern“ zu bedeuten haben? Sind
1142 8378 5669 8639 etwa die Mozart’schen und Mosel'schen Bearbeitungen bei der nachfol¬
1164 8520 3516 8861 genden Verdächtigung ausgeschlossen?
