7013 10825
3478 1123 3711 1384 14
3495 1282 3955 1572 n
1333 1447 5878 1810 musikalischen Zeitung» Gehorsam geleiftet würde, zur
1322 1776 5884 1991 Zeit noch nicht einmal der Apparat zu Aufführungen
1356 2014 5872 2252 irgend eines der grösseren Vocalwerke Händel's vorhanden
1322 2258 5867 2519 sein dürfte; es sei denn, man suchte diese Aufführungen
1339 2462 5855 2774 ohne Mitwirkung des Cembalo und der Orgel zu ermög¬
1333 2701 5884 2990 lichen, oder mit dem Risico einer Improvisation, so gut
1322 2990 5872 3234 oder so schlecht sie der Augenblick eben bringt.— Gelänge
1356 3177 5878 3461 es mir übrigens, die so schnöde behandelten «modernen
1356 3404 5889 3637 Bearbeitungen» einigermassen zu rechtfertigen und sie
1339 3626 5884 3898 damit wider die Angriffe der «allgemeinen musikalischen
1328 3864 5878 4165 Zeitung" in Schutz zu nehmen, so würde ich mich schon
1350 4136 4017 4391 der Sache wegen darüber freuen.
1702 4284 5895 4596 Diese Inschutznahme liefse sich z. B. recht wirksam
1373 4556 5855 4800 durch den Nachweis führen, dass die Verfasser der Clavier¬
1390 4794 5895 5038 begleitungen und Orgelstimmen, welche die «deutsche
1379 5010 5872 5271 Händelgesellschaft» bringt, ebenfalls nichts weiter thun,
1356 5248 5623 5492 als Händel durch « Bearbeitungen» zu «überpinseln»
1362 5469 5855 5782 jene Rechtfertigung aber könnte vielleicht am zweck¬
1356 5696 5861 5974 mässigsten erzielt werden mittelst einer sorgfältigen Prü¬
1362 5952 5867 6258 fung des Tonfatzes, dessen sie sich durchschnittlich zu be¬
1373 6173 2576 6508 dienen pflegen.
1713 6417 5906 6701 Ersteres wird mit wenigen Worten geschehen sein.
1373 6644 5895 6894 «Die deutsche Händelgesellschaft» edirt nicht allein die
1350 6905 5872 7166 Originale, sondern auch ein von fremder Hand, offenbar
1362 7115 5878 7342 für praktische Zwecke bestimmtes und ausgeführtes Ac¬
1362 7336 5895 7614 compagnement, durchgehends sur Clavier, theilweise für
1379 7563 5867 7835 Orgel. Eine solche Thätigkeit, die oft genug zu persön¬
1362 7824 5867 8074 lichen Entscheidungen zwischen dieser oder jener Aus¬
1373 8057 5912 8284 drucksform nöthigt, fallt aber mit dem zusammen, was
1379 8250 3841 8550 mit dem Worte « Bearbeitung»
3994 8267 5918 8584 — sofern sie überhaupt
1362 8482 5855 8823 die Vorlagen gewissenhaft respektirt und sich nicht grund¬
