6842 10808
3009 1143 3698 1604 15
1087 1485 5632 1900 lose Verletzungen derselben zu Schulden kommen lässt
1121 1843 5615 2145 — bezeichnet wird. Demnach wäre die natürliche Con¬
1087 2076 5609 2361 sequenz aus obigen Behauptungen der Redaktion: jede
1081 2327 5603 2611 Ausführung des Accompagnements, wenn sie die Mit¬
1075 2543 5638 2810 wirkung eines Zweiten oder Dritten aus eigenen Mitteln
1081 2787 5581 3015 erfordert, ist eine «barbarische Geschmacklosigkeit»; mit
1052 3015 5626 3277 hin müssen die Clavierbegleitungen und Orgelstimmen der
1087 3237 5603 3510 « deutschen Händelgesellschaft» derselben Beurtheilung
1058 3476 5586 3726 unterworfen werden: — sie begehen ebenfalls die «bar¬
1058 3686 5615 3982 barische Geschmacklosigkeit», ältere Kunstwerke mit ihren
1052 3937 3510 4261 Zuthaten «neu zu überpinseln»
1456 4193 5615 4420 Ueber den zweiten Punkt, über den künstlerischen
1069 4386 5620 4659 Werth jener Accompagnementsausführungen, kann ich
1052 4625 5581 4904 mich leider auch nur kurz fassen und kaum das Allge¬
1047 4853 5620 5131 meinste zur Besprechung bringen: wollte ich recht nach
1069 5097 5598 5353 Wunsch verfahren und namentlich neben der negativen
1087 5330 5615 5592 Kritik noch eine positive üben, so würde mein Brief leicht
1058 5558 3624 5848 zu einem Folianten anschwellen.
1456 5740 5603 6076 Wie bereits erwähnt, handelt es sich bei Herstellung
1075 6002 5603 6275 des Accompagnements in erfter Linie um einen Tonfatz,
1047 6269 5592 6508 der, unter steter Schonung des überlieferten Materials,
1052 6468 5603 6741 den Intentionen des Autors, hier also Händel’s, nach
1058 6696 5581 6980 Form und Inhalt entspricht. Es kann nicht oft und nach¬
1075 6957 5603 7219 drücklich genug gesagt werden, dass dieser Tonsatz
1052 7208 5575 7458 das Original ebenso zu heben und zu schmücken,
1041 7418 5598 7657 als er es abzuschwächen und zu verunzieren im
1041 7623 5575 7879 Stande ist. Im erften Falle wird er das nur Angedeutete
1052 7856 5575 8118 durch sachgemässe Ergänzungen zu lebensvoller Geltung
1047 8095 5598 8345 bringen, im letztem verwischt er sogar die bedeutsamsten
1092 8317 5598 8607 Umrisse, weil er sie in Umgebungen versetzt, die mit
1024 8550 5581 8874 ihrem Wesen im direkten Widerspruch stehen. Was hier
