7004 10825
3256 1146 3952 1591 16
1351 1448 5879 1870 nicht wie aus einem Gutse klingt, muss so lange Ver¬
1351 1870 5936 2110 suchen unterworfen werden, bis ein derartiges Resultat
1363 2099 5925 2349 wirklich eintritt: die Möglichkeit dazu ist aber stets
1374 2292 5913 2566 vorhanden. — Das Material, welches zur Darstellung
1357 2532 5913 2783 der als sachgemäss bezeichneten Ergänzungen in Anwen¬
1363 2789 5931 3091 dung kommt, ob Orgel, Clavier oder Orchester, hat erst
1391 3005 5919 3262 secundäre Bedeutung: die Wahl desselben mag füglich
1374 3216 5919 3496 dem Geschmacke und der Einsicht des Dirigenten über¬
1374 3444 2652 3781 lassen bleiben*).
1734 3621 5868 4015 Prüfen wir also dieses Wichtigste an den Begleitungs
1374 3918 5931 4191 formen, die uns die «deutsche Händelgesellschaft» in der
1386 4169 5925 4425 32. ihrer Lieferungen bietet. Dieselbe enthält einen Theil
1386 4391 5925 4642 der italienischen Duette und Trios, eignet sich aber darum
1403 4619 5879 4881 für unser Vorhaben ganz besonders, weil hier die Sing
1374 4870 5948 5121 stimmen nur von einem bezifferten Basse unterstützt sind,
1386 5092 5931 5338 der ein selbständigeres Accompagnement bedingt, mithin
1397 5343 5931 5623 einen volleren Blick in die Werkstatt der reconstruirenden
1414 5531 3747 5845 Thätigkeit zu werfen erlaubt.
1768 5737 5908 6073 Hoffentlich wird ein Jeder mit mir darin überein¬
1403 6022 5931 6278 stimmen, dass Händel’s Stil keine Schulfehler: Quinten,
1386 6250 5942 6535 Octaven und wie dergleichen verpönte Dinge sonst noch
1386 6478 5942 6740 heissen mögen, aufgedrängt werden dürfen; nur wenn sie
1397 6695 5908 6946 etwa der Zug der Stimmführung unter mildernden Um¬
1391 6900 5936 7225 ständen mit sich bringt, oder höhere Gründe für sie geltend
1426 7162 5908 7442 gemacht werden können, lassen sie sich zur Noth entschul¬
1414 7419 5948 7704 digen. Leider kann der Tonsatz jener 32. Lieferung von
1414 7658 5913 8001 dem Vorwurfe, dergleichen nicht zu rechtfertigende Schul¬
1716 8006 5936 8297 *) Man wird sehr wohl thun, die Werthverhältnisse zwischen Ton-
1409 8257 5971 8440 satz und Ausführungsmaterial unausgesetzt im Auge zu behalten; eine
1403 8423 5948 8662 unbefangene Würdigung beider trägt nur zur Klärung der Ansichten, die
1414 8594 5771 8896 bisher über die Behandlung des Accompagnements verbreitet waren, bei.
