6800 10813
2901 1136 3614 1644 17
959 1502 5493 1890 fehler in Masse gebracht zu haben, schwerlich frei ge¬
971 1856 5493 2096 sprochen werden. Sehen wir uns denselben genauer an,
971 2096 5504 2330 wobei es gestattet sein möge, mit Notenbeispielen, einer
954 2318 5516 2649 zwar umständlichen, dafür aber um so anschaulicheren
965 2530 3158 2826 Beweisführung, vorzugehen.
1319 2678 5510 3055 Seite 10, in der zweiten Hälfte des vierten Taktes
954 2981 5213 3369 zeigt sich zwischen Tenor und Bass das Quintenpaar:
3158 3323 3569 3694 /
2884 3517 3146 3769 #
2775 3672 3751 4066 B. F. C.
2821 4225 3409 4711 S.F.I.
942 4819 5533 5287 Seite 47, Zeile 3, Takt 1 und 2, quinten zwischen den
959 5219 5533 5573 beiden äufseren Stimmen und im Uebergange von einem
982 5447 2461 5796 Takt zum andern:
2844 6344 3917 6955 C.
959 6938 5527 7372 Seite 49, Zeile 1, Takt 3, Quinten zwischen Alt und Bass:
2832 7389 3232 7931 #
2821 8217 3061 8554 #
