6908 10838
3622 1160 3833 1422 20
3429 1319 4094 1598 n
1842 1547 5976 1854 Was lässt sich denn wohl mit contrapunktischen Füh
1473 1837 6027 2093 rungen — ich citire nur einige Beispiele — wie sie Seite
1473 2041 6005 2320 8, Zeile 3 und 4, oder Seite 37, Zeilen 2, 3 ind 4 an¬
1467 2246 6039 2536 zutreffen sind, beginnen? Nicht durch inneres Leben
1478 2519 6027 2809 entwickelt sich hier der Clavier-Tonfatz, sondern folgt
1484 2707 6033 2963 höchstens einer mechanischen Ordnung des Rhythmus.
1495 2940 6016 3253 Darum stehen auch die Töne so müde und gleichgültig
1484 3230 6033 3480 nebeneinander — es fehlt eben der schwungvolle Impuls,
1501 3440 5999 3662 welcher wie mit fatalistischer Nothwendigkeit einem be¬
1495 3662 5999 3924 stimmten Ziele zutreibt. Diese drängende Gewalt, die
1507 3895 6005 4185 wie wir später sehen werden, auf der Gegenseitigkeit me-
1501 4140 6044 4390 lodischer, harmonischer und rhythmischer Elemente beruht,
1495 4339 5811 4612 ist einer der bedeutsamsten Züge des polyphonen Stils
1490 4577 6039 4919 auch in der Ausführung des Accompagnements wird sie
1495 4833 4742 5135 eine hervorragende Rolle spielen müssen.
1876 5015 6056 5322 Und, um es nicht mit Stilschweigen zu übergehen,
1513 5277 6039 5527 wie seltsam contrastiren dergleichen nichtssagende Gänge
1495 5521 6010 5806 mit den prachtvollen Formen der Händel’schen Original
1495 5726 6050 6044 stimmen! Hier strömt es von sprudelnder Lebenskraft
1507 5959 5624 6238 über — dort herrscht genau das Gegentheil davon.
1865 6164 6010 6437 Was soll man ferner zu der Haltlosigkeit der Stimm¬
1507 6420 6050 6687 führung sagen, von der jede Seite, jede Zeile, ja jeder
1535 6670 6033 6926 Takt beredtes Zeugniss ablegen? Wird auch die Aus¬
1507 6886 6056 7142 führung des Accompagnements nicht gar zu peinlichen
1507 7119 5982 7369 Forderungen zu unterwersen sein, so müssen doch wenig
1501 7347 6056 7597 stens überall Spuren von den Gesetzen, nach denen sich
1484 7580 6050 7870 reale Stimmen in künstlerischer Freiheit unter einander
1495 7813 6016 8063 bewegen, sichtbar werden: die Begleitung der Kammer
1507 8052 6067 8342 duette weist sie fast nirgends auf. Bald reproducirt der
1513 8296 6062 8541 Klaviersatz die Singstimmen ohne jede Zuthat — kurz
1518 8524 6062 8836 darauf dämpft er deren flüssige Beweglichkeit durch todte
