6721 10813
3074 1023 3301 1381 21
2869 1250 3551 1540 n
949 1460 5465 1829 Klänge wieder ab; in diesem Takte geht es zweistimmig
932 1767 5488 2096 her, im nächsten dreistimmig, dann plötzlich vier- oder
966 2034 5477 2244 gar fünfstimmig. Seite 76, Zeile I, Takt 3, schreitet die
949 2238 5494 2505 Mittelstimme sogar unter den Continuo! Vergebens sucht
943 2454 5488 2721 man nach Gründen, welche dergleichen Erscheinungen
949 2699 5460 2949 veranlassen konnten: es herrscht eben die reine Will¬
943 2932 5482 3289 kür im Auftreten und Verschwinden der verschiedenen
943 3147 1568 3500 Partien.
1295 3329 5494 3681 Ausserdem scheint man auch der Thatsache, dass die
966 3642 5482 3880 Tonqualität des Klaviers eine bestimmte Abrundung und
943 3846 5460 4153 Geschlossenheit der Harmonie verlange, wenig Berück¬
932 4119 5477 4340 sichtigung geschenkt zu haben: unaufhörlich wird Auge
920 4295 5477 4625 und Ohr durch verstümmelte Accordformen gemartert,
932 4539 5482 4829 die doch nur eine spröde Ergänzung in den Singstimmen
937 4750 2125 5090 finden können.
1318 4982 5460 5278 Weiter begegnen wir auf Schritt und Tritt, nament¬
943 5221 5465 5494 lich in der ersten Hälfte der Lieferung, einem Klavier¬
920 5460 5471 5738 satze, der den Fingern geradezu vorfundfluthliche Auf¬
977 5698 5477 5977 gaben zumuthet. So hat der Spieler Seite 42, Zeile 3
943 5943 4358 6255 und 4, folgendes Tongespenst vorzutragen:
4761 6340 4954 6670 E
1125 6443 1551 6852 P:
3716 6846 4028 7158 20
3301 7016 3755 7516 bed-
4380 7494 4715 7783 " O
2966 7522 3466 8073 o
3619 7550 3937 8079 a. Läheinä.
4426 8249 4681 8715 a
