6892 10825
3574 1072 3767 1367 22
3336 1294 4028 1572 ¬
4624 1572 4913 2026 –
5106 2213 5384 2513 etc.
2133 2270 2599 2831 l
5010 2582 5174 2922 ein
1424 2922 5940 3206 Das Hinzutreten der rollenden Singstimme wird nur ge¬
1430 3172 5974 3444 eignet sein, die Fadenscheinigkeit der eben mitgetheilten
1407 3382 4409 3654 Stelle noch anschaulicher zu machen.
1804 3586 5969 3881 Das Gegenstück dazu liefert aber die 36. Seite, wo
1413 3835 5923 4096 sich der Klaviersatz in knäuelartiger Verwachsenheit un¬
1435 4074 3427 4397 unterbrochen hinschleppt.
1782 4250 5957 4562 Ferner dürfte die Bemerkung, so travial sie auch klingen
1424 4545 5974 4783 mag, hier nicht ganz überflüssig sein, dass sich ein gutes
1424 4766 5946 5050 Musikstück in Bezug auf Wohllaut stets befriedigend ent¬
1430 5010 5923 5271 wickeln muss. Der Mangel an letzterem ist es aber vor
1424 5226 5986 5481 nehmlich, wodurch die Ausführung des Accompagnements
1441 5475 5974 5736 der Kammerduette glänzt. Unmotivirtes Abspringen des
1435 5674 5940 5957 Leittons — sogar in der Oberstimme — stechende Ver¬
1418 5912 5969 6156 dopplungen alterirter und strebender Töne, unschöne
1435 6150 5986 6400 Accordlagen und was dergleichen verletzende Züge mehr
1418 6372 5980 6712 sind, drängen sich allenthalben, am auffälligsten wieder in
1435 6672 5952 6905 der ersten Hälfte der Lieferung, zu Tage. Mag es immer¬
1441 6843 5974 7126 hin einige Klavierstücke Bach's und Händel's geben, in
1447 7092 5980 7376 welchen nicht viel Rücksicht auf äufsere Klangschönheit
1441 7308 5980 7569 genommen ist, so sind doch dafür andere Werke von
1430 7518 5974 7824 beiden Meistern vorhanden — und glücklicherweise bilden
1430 7807 5963 8096 sie die grosse Mehrzahl — welche nach der Seite hin
1424 7994 5991 8255 Nichts zu wünschen übrig lassen. Diese hat man sich
1447 8250 5980 8482 bei Herstellung einer Klavierbegleitung zum Muster zu
1435 8477 5986 8783 nehmen, nicht aber jene. An welche Vorbilder sich das
