6767 10800
3167 1167 3371 1377 23
2969 1264 3626 1547 nommun
1014 1456 5559 1836 Accompagnement der italienischen Duette durchschnittlich
1014 1785 5570 2063 lehnt, mag nur ein Beispiel zeigen. Seite 12, Zeile 2,
1037 1989 3298 2340 Takt 2, 3 und 4, lesen wir:
1717 2442 2074 2725 #
1819 2776 1995 2958 a-
4788 2941 5049 3213 etc.
1893 3150 2080 3428 Ein
3564 3167 3830 3496 D
1802 3400 2063 3649 a-
3745 3411 4006 3666 Titä
1371 3626 5547 4119 Es wird nun keinen Augenblick befremden, wenn
1020 4023 5519 4340 derartigen Erscheinungen gegenüber von einer lebens¬
1020 4312 5525 4567 vollen Betheiligung des Accompagnements an dem In¬
1014 4448 5542 4765 halte der Originale, der in den feinsten Färbungen überall
1014 4720 5530 5009 durchschimmert, kaum die Rede sein kann. Ein solcher
1043 4941 5530 5270 Tonsatz stellt auch die vollendetsten Leistungen der Sänger
1020 5173 5547 5445 in ein bedenkliches Licht und trägt ausserdem sehr dazu
1014 5411 5530 5723 bei, jene massiven, ein gebildetes Ohr zur Verzweiflung
1003 5638 5536 5978 bringenden Ansichten über Ausdruck und Vortrag älterer
997 5870 3349 6193 Compositionen, zu verewigen.
1371 6131 5502 6403 Endlich ist noch zu bedauern, dass die 32. Liefe¬
997 6403 5502 6669 rung der «deutschen Händelgesellschaft» keine General¬
1009 6635 5536 6856 bafsschrift zu den Duetten gebracht hat. Zwei mir zur
1031 6833 5502 7122 Verfügung stehende alte Handschriften, für deren Echt¬
992 7088 5519 7326 heit ich allerdings nicht bürgen kann, zeigen einen sorg¬
997 7332 5513 7604 faltig und reich bezifferten Bass. Sollte das Handexemplar,
1009 7581 5536 7825 von dem in dem Vorwort der Lieferung wiederholt die
1009 7785 5508 8046 Rede ist, keine Signaturen enthalten? Im Bejahungsfalle
997 8018 5530 8284 wäre es geradezu unverantwortlich, ein so werthvolles
975 8250 5513 8533 material ohne weitere Angabe der Gründe den Kammer¬
992 8477 5491 8794 duetten entzogen zu haben, da es allein eine gewissen¬
