6896 10842
3587 1119 3849 1394 24
3358 1314 4044 1571 n
1411 1411 5991 1822 hafte Controle des Satzes ermöglicht und überdies den
1445 1776 3638 2067 Werken Händel's zugehört.
1799 2027 5968 2302 Weit bin ich nun von der Annahme entfernt, dass
1416 2153 5951 2519 die, welche sich mit der Ausführung des Accompagne¬
1416 2484 5980 2764 ments der italienischen Duette und Trios befafsten, nicht
1422 2724 5985 3016 im Stande gewesen wären, einen wohlthuenderen Tonsatz
1411 2958 5974 3198 zu schreiben. Wurde ein solcher nicht geliefert, so wird
1416 3175 5951 3438 man wohl schwerlich fehlgreifen, wenn theils die Grund¬
1422 3427 5974 3661 sätze, welche die Redaktion der «allgemeinen musikalischen
1394 3638 5928 3958 Zeitung" gelegentlich über das A B C der Accompagne¬
1416 3844 5980 4129 mentskunft verlauten liess, theils gewisse Ansichten über
1416 4084 5934 4352 die Kunstmaximen vergangener Zeiten verantwortlich ge¬
1405 4301 5974 4598 macht werden. Meinen Ueberzeugungen in Betreff dieser
1439 4529 5934 4889 wichtigen Angelegenheit wurde bereits in der Vorbe¬
1416 4740 5980 5026 merkung zu den von mir herausgegebenen Händel’schen
1422 4997 5928 5260 Opernarien Ausdruck gegeben; da sie bisher zwar todt
1428 5243 5974 5528 geschwiegen, nicht aber widerlegt worden sind, werden
1416 5528 5928 5746 Sie es mit mir ganz zweckmässig finden, sie hier wieder
1399 5683 5980 5985 holt zu sehen. Es heifst dort: «Schliefslich kann es doch
1399 5917 5968 6202 nur darauf ankommen, eine einmal gegebene Aufgabe
1411 6185 5963 6442 künstlerisch, das heifst mit künftlerischem Formensinn,
1399 6397 5963 6665 mit künstlerischer Freiheit, wo möglich mit kunstlerischem
1399 6625 5934 6899 Erfolge, also durch Herstellung eines einheitlichen, or¬
1445 6854 5957 7173 ganisch entwickelten Ganzen zu lösen. Nur so können,
1422 7082 5963 7350 wie auch Kritiker und Historiker über die berührten
1399 7316 5945 7642 Fragen denken mögen, jene vergessenen Werke wieder
1388 7567 5968 7819 in ihr Recht eingesetzt werden. Diejenigen, die gegen
1388 7813 5963 8070 solches Unterfangen Bach's und Händel’s Geister aufrufen,
1388 8041 5980 8281 haben ihnen die Lippen zu lösen nicht vermocht und ihnent
1394 8213 5631 8533 nur die eigene Weisheit in den Mund legen können,»
1753 8510 5957 8858 Man wird nun vielleicht den Einwand erheben: «die
