6733 10829
3030 1111 3292 1418 25
2802 1316 3497 1589 nommen
894 1555 5427 1902 32. Lieferung repräsentirt ja nur einen kleinen Theil des
894 1839 5399 2113 grossen Unternehmens der «deutschen Händelgesellschaft»
1167 2050 5422 2318 die Ausfuhrung des Accompagnements jenes Bandes
888 2267 5416 2511 mag, wir gestehen es schon zu, ihre Schwächen haben;
888 2523 5410 2791 dafur bleibt uns noch eine lange Reihe anderer Liefe¬
877 2728 5427 2996 rungen, deren Klavierbegleitungen doch hoffentlich mehr
877 2956 4385 3252 künstlerischen Werth beanspruchen können.»
1224 3155 5416 3434 Da es gegenwärtig nicht in meiner Absicht liegt,
888 3389 5387 3690 eingehendere Untersuchungen über diesen Punkt anzu¬
888 3650 5410 3930 stellen, so halte ich mein Urtheil zurück. Die ausser¬
883 3890 5433 4129 ordentlichen Verdienste, welche sich die Hauptredaktion
888 4112 5456 4379 der erwähnten Gesellschaft, der anzugehören ich mir zur
877 4340 5427 4607 grossen Ehre anrechne, sonst noch um Händel und die
888 4573 5439 4835 correkte Herstellung seiner unsterblichen Werke erworben
866 4812 5433 5057 hat, sind so über allem Zweifel, dass sie gar nicht hoch
883 5069 5410 5325 genug in Anschlag gebracht werden können. Diese Ueber¬
883 5313 5422 5547 zeugung darf mich jedoch nicht abhalten, wider Principien
871 5518 5422 5763 aufzutreten, die nicht die Ausgabe selbst, sondern nur
877 5758 5427 6008 deren Accidenz betreffen und mir geeignet scheinen, den
877 5985 5416 6253 ungetrübten Genuss an des Meisters Schöpfungen in Frage
854 6190 1691 6492 zu stellen.
1224 6390 5410 6680 Die Redaktion der «allgemeinen musikalischen Zei¬
877 6657 5427 6919 tung", statt die gelegentlichen Bearbeitungen Anderer,
871 6891 5433 7136 die doch auch nur auf Verbreitung Händel’scher Kunst
900 7130 5422 7409 gerichtet sind, bei jeder Veranlassung zu verunglimpfen,
866 7352 5399 7591 hätte aber besser gethan, energisch auf die Tilgung offen¬
860 7563 5399 7905 barer Mängel der Klavierbegleitungen einer monumen¬
877 7825 5444 8093 talen Ausgabe, die ja stets den höchsten Anforderungen
883 8058 5234 8309 nach allen Seiten hin zu entsprechen hat, hinzuwirken.
1264 8298 5422 8554 Uebrigens ist das grollende Eifern wider «leidige
837 8503 5393 8782 Bearbeitungen» auch darum ungerecht, weil ihrer Ver¬
