6917 10863
3668 1185 3941 1441 26
3451 1350 4135 1640 n
1526 1464 6065 1931 mittlung es hauptsächlich zu danken ist, dass sich eine
1521 1839 6042 2107 Anzahl Händel'scher Oratorien in Deutschland einbürger¬
1509 2067 6088 2329 ten: ich erinnere dabei nur an den Messias. Selbst Mosel’s
1515 2306 6077 2563 Arbeiten, so wenig ich deren Rücksichtslosigkeiten in
1503 2523 6059 2756 Schutz nehmen mag, haben, man sträube sich dagegen
1515 2745 6065 3070 wie man wolle, darauf nur segensreich hingewirkt. Dass
1521 3013 6059 3229 die unbearbeitet gebliebenen Oratorien Händel's — ich
1503 3229 6054 3485 führe nur die Meisterwerke: Herakles, Semele, Susanna
1509 3457 6077 3730 und Theodora an — bisher so ziemlich ignorirt worden
1509 3685 6059 3981 sind, ist leider eine Thatfache, die gar nicht in Abrede
1526 3930 6082 4203 gestellt werden kann. Das Gegentheil davon möchte
1492 4152 6042 4408 aber wahrscheinlich nicht früher eintreten, als Bearbei¬
1498 4379 6031 4664 tungen im Geifte Mozart's und Mendelssohn’s zur Benutzung
1509 4641 6059 4875 vorliegen. Sollte ich mich hierin getäuscht haben, so wird
1515 4846 5849 5126 mir ein Widerruf gewiss nicht schwer auf’s Herz fallen.
1885 5057 6054 5348 Nach diesen Abschweifungen, die jedoch im Interesse
1521 5302 6054 5575 der Sache nicht zu vermeiden waren, kehre ich zu meinen
1509 5530 4123 5815 eigenen Angelegenheiten zurück.
1874 5741 6059 6020 Das vornehm ablehnende Verhalten der Kunstgenossen,
1498 5997 6048 6264 der kleinliche Widerspruch der Tageskritik, endich die
1492 6242 6059 6498 aufreizenden Verdächtigungen der Historiker — Alles dies
1498 6441 6059 6680 trug dazu bei, dass in kurzer Zeit mancherlei schielende
1521 6686 6059 6976 Urtheile über meine Arbeiten in Umlauf kamen, die mich
1509 6931 6065 7176 dem Publikum entfremden und damit der kaum begonnenen
1538 7170 5234 7415 Thätigkeit störend in den Weg treten mussten.
1874 7381 6014 7620 Da spielte mir ein glücklicher Zufall die bereits er¬
1515 7603 6042 7853 wähnten Händel’schen Opernarien in die Kände, die meiner
1509 7831 6048 8110 Lieblingsbeschäftigung neuen Aufschwung gaben. Sie
1498 8058 6054 8326 standen in einem alten englischen Sammelwerke: «Apollo's
1509 8303 6048 8577 Feast", das die Partituren einiger 400 Nummern derselben
1515 8531 6065 8873 enthielt. Mit geringen Erwartungen — Händel’s Opern
