6763 10796
3035 1077 3270 1386 27
2817 1248 3545 1603 nommen
899 1414 5474 1815 waren ja sehr übel beleumundet — warf ich einen Blick
876 1787 5463 2067 auf die vergilbten Blätter, prallte aber wie geblendet
870 2004 5474 2262 zurück, als ich mich plötzlich einer lyrisch-dramatischen
899 2250 5474 2497 Musik gegenüber befand, nach der ich mich schon seit
922 2468 5451 2766 Jahren vergebens gesehnt hatte. Hier zeigten sich nicht
888 2754 5451 2972 einmal Spuren von jenen Aeusserlichkeiten, die mit einer
893 2932 5440 3195 energisch fortschreitenden Action unzertrennlich verbunden
876 3201 5463 3436 zu sein scheinen, vielmehr war der Schwerpunkt in die
922 3424 5474 3676 pfychologische Charakteristik der auf die Bühne gestellten
893 3648 5474 3900 Persönlichkeiten verlegt. Unter solchen Umständen konnte
899 3894 5474 4169 aber die Musik ihre ganze Macht ungehemmt entfalten
899 4129 5480 4329 und sie trug denn auch redlich das Ihrige dazu bei, jenen
910 4340 5474 4633 innerlichen Processen einen kaum gealhnten Ausdruck zu
916 4592 5474 4850 geben. Trotz der unscheinbaren Formen, in denen sich
905 4856 5451 5073 die meisten Arien darstellten, pulsirte in jeder Note reiches,
888 5062 5469 5291 individuelles Leben, das nur darauf zu warten schien, sich
905 5274 5486 5612 mittelst einer angemessenen Ausführung zu noch vollerer
910 5480 2439 5812 Plastik zu erheben.
1294 5698 5469 6013 Ohne einen Augenblick zu zaudern, befand ich mich
939 6013 5440 6253 wieder in Thätigkeit, die sich zunächst auf die Herstellung
910 6219 5474 6471 eines Tonsatzes für Klavier richtete, der später, wenn sich
922 6436 5388 6717 überhaupt ein Bedürfniss dazu herausstellte, ohne Schwierig
905 6665 4890 6940 keiten für Orchester ausgearbeitet werden könnte.
1266 6894 5469 7152 So wurden denn in rascher Folge je 12cepran- und
905 7089 5469 7358 Altarien fertig, denen sich weiter 12 Duette anschlossen
1214 7318 5474 7696 wie Sie wissen, sind diese drei Sammlungen bereits im
910 7576 2342 7896 Druck erschienen.
1288 7822 5491 8028 Ueber die musikalische Bedeutung derselben kann ich
905 8028 5491 8360 mich hier nicht verbreiten, weil dies ganz ausserhalb der
910 8257 5486 8544 Aufgabe liegen würde, die ich mir gestellt habe — es
928 8515 5503 8813 genüge die Bemerkung, dass es sich auch bei ihnen um
