7058 10850
3599 1171 3849 1427 28
3366 1319 4076 1620 n
1455 1427 6003 1853 Händel’s hohe Kunst handelt. Diese weiss aber stets in
1455 1859 5998 2086 das Centrum der Dinge zu dringen: darum giebt sie im
1455 2052 5981 2297 Befondern zugleich das Allgemeine, im Individuellen das
1444 2291 6003 2530 Generelle — auf Leistungen solcher Art ruht aber die
1467 2513 5986 2860 Weihe der Poesie, in ihnen gewinnt die hehre Göttin
1478 2723 3803 3070 gleichsam körperliche Gestalt.
1802 3405 5992 3724 Obschon mein Brief an dieser Stelle eigentlich schliessen
1438 3701 5981 3974 sollte, da er den Verlauf meiner Bemühungen um Bach’sche
1433 3934 5947 4196 und Händel’sche Werke bis auf die Gegenwart herab¬
1450 4178 5975 4468 geführt hat, erlaube ich mir demohngeachtet noch einige
1450 4383 5981 4667 Notizen, die zunächst das Material betreffen, dessen man
1444 4633 5975 4895 sich zur Darstellung jenes aus den Bassbezifferungen ge¬
1444 4855 5964 5128 zogenen Tonfatzes zu bedienen haben wird, dann aber
1444 5088 5958 5372 auch vielleicht als Ergänzungen zu dem bereits Aus¬
1495 5304 4366 5622 geführten betrachtet werden können.
1808 5509 5929 5844 Die Redaktion der «allgemeinen musikalischen Zeitung»
1438 5736 5964 6060 äussert sich hinsichtlich jenes Material. (Jahrg. 4, Nr. 23, S. 183)
1438 6026 5981 6271 folgendermassen: «Jene «lückenhaften Stellen» sind durch
1450 6236 5992 6492 Klavier und Orgel, und im Händel’schen Geiste nur durch
1433 6492 5958 6742 Klavier und Orgel auszufüllen; alle Versuche mit Surrogat-
1455 6703 5975 6987 Instrumenten*) (und Niemand hat derartige Versuche öfter
1444 6924 5986 7288 und unbefangener angestellt, als der Herausgeber) haben
1700 7339 5986 7737 *) In der „allgemeinen musikalischen Zeitung“ wird häufig Klage
1450 7652 5975 7885 geführt, dass eine Verstärkung der Instrumentation nur dazu dienen könne,
1438 7851 5981 8067 Händel’s Originalfatz zu erdrücken und zu verdunkeln. Gesetztenfalls,
1444 8033 5986 8232 man brächte bei einer Aufführung des „Salomo“ oder des Dettinger „Te
1433 8203 5975 8374 deum“ die von der „deutschen Händelgesellschaft“ gelieferten Orgelstim¬
1421 8374 5981 8692 men in Anwendung, was würde da wohl von jenem überhaupt noch zu
1416 8550 2149 8863 hören sein?
