6971 10842
3312 1165 3580 1422 29
3323 1353 3672 1605 permet
1131 1485 5699 1907 Nichts gelehrt, als dass keine andere befriedigende Lösung
1142 1816 2518 2113 hier möglich ist.»
1519 2004 5721 2290 Mit einer solchen Behauptung wird nun gar Nichts
1142 2284 5721 2552 bewiesen, wohl aber ist sie ganz geeignet, die Ansichten
1153 2490 5704 2804 in Betreff dieser Frage noch mehr zu verwirren, als sie
1159 2769 5693 3009 es schon ohnehin sind. In Halle habe ich ebenfalls häufige
1165 2992 5670 3255 und unbefangene Versuche angestellt, um über das zweck¬
1136 3249 5681 3489 mässigste Accompagnementsmaterial ins Klare zu kommen.
1136 3426 5710 3672 Nach meinem Dafurhalten wirkten die Formen am
1142 3643 5687 3894 meisten befriedigend, welche ich oben bei Gelegenheit
1136 3906 5681 4174 der Einrichtung meiner Partituren besprochen habe. Diese
1171 4145 5687 4368 Ueberzeugung dränge ich jedoch Keinem auf und werde
1131 4362 5676 4637 mich sehr hüten, ihr eine absolute Geltung beizumessen.
1131 4574 5664 4854 Sollte sich nun gar der doch nicht unmögliche Fall be¬
1131 4802 5693 5070 stätigen, dass man bei jenen «öfteren und unbefangenen
1131 5070 5693 5333 Versuchen» dem Orchester einen ähnlichen Tonsatz, wie
1136 5287 5670 5527 er in den Klavierbegleitungen der «deutschen Händel¬
1165 5499 5647 5761 gesellschaft» durchschnittlich angetroffen wird, aufgebür¬
1113 5767 5687 6018 det habe, so müssen allerdings merkwürdige Klangeffekte
1119 5978 5630 6235 zu Gehör gekommen sein: einen derartigen Stil ver¬
1113 6207 5693 6487 tuscht wohl das farblose Klavier, nicht aber ein auf
1113 6435 5676 6669 Selbstständigkeit Anspruch machender Instrumentalchor.
1119 6675 5630 6955 Wenn letzterer nicht fur polyphone Formen herange¬
1108 6881 5676 7143 zogen wird, wirkt er nur als Farbentopf, der freilich
1091 7115 5681 7377 Bach's und Händel’s inhaltsvoller Musik gegenüber übel
1125 7349 3055 7663 genug angebracht wäre.
1467 7594 5687 7903 Dergleichen Erwägungen führen aber wie von selbst
1119 7806 5664 8097 dazu, die alte Frage hier aufzuwerfen: wann sind Töne
1113 8091 5664 8342 von Inhalt erfüllt, wann sind sie es nicht? Gern gestehe
1096 8291 5659 8531 ich ein, mich einer Lösung derselben nicht gewachsen zu
1085 8496 5647 8879 fühlen, kann es aber doch nicht unterlassen, einige cha¬
