6963 10846
3561 1094 3760 1413 30
3356 1316 4068 1607 nomm
1396 1424 5954 1886 rakteristische Merkmale, die im Durchschnitt an streng
1453 1863 5948 2080 geführten Stimmen beobachtet werden können, einzu¬
1419 2017 5971 2307 schalten: vielleicht trägt es dazu bei, etwas Licht über
1441 2290 5977 2558 jenes dunkle Problem zu verbreiten. Ueberdiess fordert
1424 2518 5977 2797 die musikalische Produktion der gegenwärtigen Epoche
1424 2723 5948 3014 dazu heraus, die Aufmerksamkeit wieder auf Erscheinun¬
1447 2963 5971 3236 gen hinzulenken, deren Werth ebensowenig zu bestreiten
1424 3213 5977 3561 ist, als sie mehr und mehr in Vergessenheit zu gerathen
1413 3418 2040 3743 drohen.
1806 3675 5988 3948 Jede gut geführte Stimme wird sich durch besondere
1413 3903 5994 4159 melodische, harmonische und rhythmische Eigenschaften
1430 4159 5988 4398 auszuzeichnen haben. Durch melodische, sofern sich ihre
1436 4376 5960 4626 Intervallfortschritte als natürlich und wohlthuend dar¬
1441 4569 5994 4866 stellen; durch harmonische, sofern diese Intervallfortschritte
1436 4820 5988 5071 die zu Grunde liegenden Accordfolgen nicht allein an¬
1441 5054 5948 5321 deuten, sondern in fasslicher Entwickelung bestimmt aus¬
1441 5293 5948 5584 führen; endlich durch rhythmische, sofern sich die Be¬
1453 5498 5960 5760 wegung jener melodisch-harmonischen Formen in charak¬
1430 5737 5982 6005 tervoller, wo möglich symmetrischer Gliederung vollzieht.
1436 5977 5994 6256 Sehr deutlich lassen sich dergleichen Grundzüge an den
1436 6205 5988 6455 sogenannten Hauptstimmen, also an Eugenthemen, oder
1447 6438 5999 6672 an den Motiven grösserer Tonfätze — ich habe dabei
1436 6672 5994 6900 Haydn's, Mozart’s und Beethovens Sinfonieen, Quartette
1447 6877 3578 7185 u. s. w. zunächst im Auge
3641 6883 5977 7179 wahrnehmen. Letztere Ton¬
1453 7128 5965 7390 werke stehen unserer Zeit näher und qualificiren sich da¬
1447 7355 5988 7629 her besonders für die beabsichtigten Untersuchungen.
1453 7595 5977 7840 Prüfen wir jene Eigenschaften an dem ersten besten Haupt¬
1447 7811 5954 8090 motive, z. B. an diesem Thema der zweiten Beethoven-
1441 8028 2649 8410 schen Sinfonie:
