6938 10829
3148 1231 3358 1481 31
2927 1373 3625 1668 nommen
2734 1622 3347 2059 o. 6
1061 1628 1395 2167 D:
1464 1639 2343 2178 C.O.S.
4980 1656 5457 2167 etc.
2575 1696 2780 2190 —
1390 2286 5542 2604 Wem leuchten nicht sofort die Vorzüge dieses Stoffes
993 2558 5536 2825 nach jenen drei Seiten hin ein? Als Melodie fesselt er
1021 2797 5514 3046 durch natürliche und wohlthuende Führung der Intervall¬
993 3046 5497 3290 fortschritte, deren Plastik sich alsbald unwiderstehlich ein
1004 3284 5508 3511 prägt; als auseinandergelegte Harmonie stellt er den Drei¬
998 3494 5536 3795 klang der Tonika dar; als Rhythmus endlich lässt er an
1021 3687 5542 3931 charaktervoller, symmetrischer Gliederung gar Nichts zu
1044 3959 5502 4209 wünschen übrig. Demnach vereinigt er in sich die quint
1021 4209 5542 4459 essenz sämmtlicher Elemente, durch welche sich die Musik
998 4396 5548 4708 zum verständlichen Ausdruck erhebt und wirkt desshalb
1004 4646 5536 4935 auch ohne weitere Zuthat vollkommen befriedigend.
1044 4873 5491 5139 Wesentlich wird aber seine Bedeutung noch dadurch ge
993 5094 5553 5343 steigert, dass er den grössten Einfluss auf die melodische,
998 5326 5531 5587 harmonische und rhythmische Entwickelung des Tonstücks,
1021 5576 5514 5848 dem er zu Grunde gelegt wurde, ausübt. Wie die Skizzen¬
987 5814 5548 6041 bücher beweisen, hat Beethoven dies Motiv erft nach und
987 6081 5536 6279 nach zu einer solchen Prägnanz herausgearbeitet: er war
993 6262 5542 6518 sich völlig darüber klar, was es mit der Motivbildung in
1004 6467 5542 6796 Bezug auf jene drei Eigenschaften für eine Bewandtniss
1004 6745 1458 7011 habe.
1367 6915 5542 7193 Ganz ähnliche Erscheinungen können auch an den
998 7142 5491 7488 meisten Grundthemen der Haydn’schen und Mozart'schen In
1004 7425 5525 7698 strumentalwerke wahrgenommen und nachgewiesen werden.
1378 7630 5519 7862 Was soeben über dergleichen charakteristische Eigen¬
993 7885 5542 8151 schaften der «Grundmotive» bemerkt wurde, trifft vielleicht
993 8129 5531 8407 in noch höherem Grade bei jedem guten Eugenthema zu:
993 8327 5553 8645 Bach's Orgelfugen und die Fugen des wohltemperirten
993 8565 5525 8923 Klaviers bieten eine Fülle mustergültiger Beispiele. Nur
