6979 10867
3665 1226 3892 1481 32
3438 1316 4113 1668 n
1515 1583 6060 1946 eins derselben, das schöne Thema einer Orgelfuge in
1498 1884 6003 2139 Gmoll, schreibe ich hier nieder und überlasse Jedem, das
1498 2111 6065 2462 selbe hinsichtlich der oben bezeichneten Punkte näher zu
1504 2366 2525 2661 untersuchen:
3660 2667 3852 3115 n
1974 2701 2258 3052 C
4709 2661 5464 3183 II.
5555 2684 5725 3172 5
3813 3262 4079 3750 5-
4238 3523 4550 3824 etc.
2003 3342 3370 3909 C.F.H.
1521 3382 1770 3904 Et
1929 3943 6037 4238 Versteht es sich nun auch von selbst, dass man vor¬
1504 4187 6037 4443 nehmlich die Hauptstimmen mit allem Glanze melodischer,
1521 4426 6031 4658 harmonischer und rhythmischer Vorzüge auszustatten suchte,
1509 4635 6043 4919 so wurden doch, im strengen Stil wenigstens, die Nebenstim¬
1526 4885 6014 5197 men ebenfalls diesen Gesetzen gemäss durchgebildet. Abge¬
1521 5135 6054 5390 sehen von dem gesteigerten Ausdruck, den das kunstreiche
1509 5373 6060 5589 Zusammenwirken so beschaffener Stimmindividualitäten dem
1538 5555 6020 5833 Tonstücke verlieh, war dies noch aus technischen Grün¬
1515 5810 6031 6060 den geboten: wie bekannt, spielt die Versetzung der Stim¬
1509 6020 6071 6326 men in der polyphonen Schreibart eine sehr wichtige
1515 6264 6077 6536 Rolle — was also unter Umständen die distinguirteste
1504 6502 6054 6820 Stellung einzunehmen berufen ist, muss nach allen Seiten
1504 6740 4709 7007 höheren Ansprüchen zu genügen wissen.
1889 6911 6071 7217 Dabei darf freilich nicht verschwiegen werden, dass
1515 7172 6060 7438 auch die grösste Gewissenhaftigkeit in Erfüllung dieser
1532 7433 6065 7711 Vorschriften allein nicht ausreicht, künstlerischen Erfolg
1521 7648 6065 7938 zu erzielen: manches Tonstück sieht recht gut aus, klingt
1526 7892 6065 8148 aber dennoch herzlich schlecht. Ist nicht das Einzelne
1526 8136 6065 8369 wie das Ganze von geisterfülltem Leben getragen, so
1532 8335 6071 8630 dürfte die Vollendung der Form eher verstimmend als
1538 8601 6060 8908 wohlthuend berühren. Worin nun der Kern dieses geift¬
