<?xml version="1.0" encoding="UTF-8" standalone="yes"?>
<PcGts xmlns="http://schema.primaresearch.org/PAGE/gts/pagecontent/2013-07-15" xmlns:xsi="http://www.w3.org/2001/XMLSchema-instance" xsi:schemaLocation="http://schema.primaresearch.org/PAGE/gts/pagecontent/2013-07-15 http://schema.primaresearch.org/PAGE/gts/pagecontent/2013-07-15/pagecontent.xsd">
    <Metadata>
        <Creator>prov=READ-COOP:name=TrHtr:version=2.23.1:model_id=51170:date=22_02_2025_11:47</Creator>
        <Created>2025-02-21T16:30:34.265+01:00</Created>
        <LastChange>2025-02-22T11:47:13.562+01:00</LastChange>
        <TranskribusMetadata docId="7038757" pageId="91997068" pageNr="35" tsid="230770363" status="IN_PROGRESS" userId="131016" imgUrl="https://files.transkribus.eu/Get?id=FCTMBQIYYJLADHVSBBAOAYMA&amp;fileType=view" xmlUrl="https://files.transkribus.eu/Get?id=VFPRYVWRKTHOCWBCIYRMUJDN" imageId="76789333"/>
    </Metadata>
    <Page imageFilename="0035_bsb-franz-ofbredh-991125835919707356-tx-00042.jpg" imageWidth="6858" imageHeight="10775">
        <ReadingOrder>
            <OrderedGroup id="ro_1757316119728" caption="Regions reading order">
                <RegionRefIndexed index="0" regionRef="tr_1"/>
            </OrderedGroup>
        </ReadingOrder>
        <TextRegion orientation="0.0" id="tr_1" custom="readingOrder {index:0;}">
            <Coords points="990,1440 990,8830 5557,8830 5557,1440"/>
            <TextLine id="tr_1_tl_1" custom="readingOrder {index:0;}">
                <Coords points="2908,1613 2988,1613 3101,1693 3181,1698 3380,1579 3414,1602 3539,1568 3618,1590 3612,1278 3499,1295 3368,1210 3260,1244 3073,1198 3005,1198 2965,1238 2902,1216"/>
                <Baseline points="2937,1540 2971,1540 3006,1540 3041,1540 3076,1540 3111,1540 3146,1542 3181,1544 3216,1546 3251,1546 3286,1546 3320,1546 3355,1546 3390,1546 3425,1543 3460,1541 3495,1541 3530,1544 3565,1546 3600,1549 3635,1552"/>
                <TextEquiv>
                    <Unicode>33</Unicode>
                </TextEquiv>
            </TextLine>
            <TextLine id="tr_1_tl_2" custom="readingOrder {index:1;}">
                <Coords points="983,1886 5521,1903 5515,1647 5351,1607 5129,1744 3993,1556 2942,1727 977,1659"/>
                <Baseline points="1014,1856 1239,1859 1465,1856 1690,1850 1916,1850 2142,1852 2367,1851 2593,1854 2819,1857 3044,1856 3270,1862 3496,1862 3721,1862 3947,1856 4173,1856 4398,1861 4624,1862 4850,1861 5075,1856 5301,1861 5527,1856"/>
                <TextEquiv>
                    <Unicode>erfüllten Lebens bestehe, gehört zu den geheimnissvollen</Unicode>
                </TextEquiv>
            </TextLine>
            <TextLine id="tr_1_tl_3" custom="readingOrder {index:2;}">
                <Coords points="994,2147 5510,2153 5510,1908 2386,2022 994,1886"/>
                <Baseline points="1026,2089 1250,2087 1475,2088 1700,2085 1925,2083 2149,2089 2374,2079 2599,2083 2824,2083 3048,2089 3273,2089 3498,2085 3723,2083 3947,2085 4172,2089 4397,2092 4622,2089 4846,2089 5071,2083 5296,2089 5521,2077"/>
                <TextEquiv>
                    <Unicode>Fragen, die sich, wie alle letzten Gründe, jeder Unter¬</Unicode>
                </TextEquiv>
            </TextLine>
            <TextLine id="tr_1_tl_4" custom="readingOrder {index:3;}">
                <Coords points="983,2386 5396,2408 5532,2397 5532,2147 983,2187"/>
                <Baseline points="1014,2316 1240,2313 1467,2316 1693,2313 1920,2315 2146,2310 2373,2305 2599,2298 2826,2316 3052,2311 3279,2316 3506,2316 3732,2318 3959,2317 4185,2316 4412,2316 4638,2316 4865,2322 5091,2322 5318,2322 5545,2322"/>
                <TextEquiv>
                    <Unicode>suchung entziehen — dergleichen kann eben nur gefühlt,</Unicode>
                </TextEquiv>
            </TextLine>
            <TextLine id="tr_1_tl_5" custom="readingOrder {index:4;}">
                <Coords points="971,2664 1113,2687 1318,2567 1562,2636 1642,2579 1715,2636 2306,2573 2675,2653 2681,2357 2272,2437 2130,2380 2022,2448 1937,2386 1710,2374 1551,2425 1392,2369 1284,2431 1147,2380 977,2425"/>
                <Baseline points="1002,2548 1086,2548 1171,2543 1255,2543 1340,2543 1424,2547 1509,2544 1593,2543 1678,2546 1762,2545 1847,2543 1931,2540 2016,2540 2100,2541 2185,2539 2269,2541 2354,2537 2438,2537 2523,2537 2607,2537 2692,2543"/>
                <TextEquiv>
                    <Unicode>nie begriffen werden.</Unicode>
                </TextEquiv>
            </TextLine>
            <TextLine id="tr_1_tl_6" custom="readingOrder {index:5;}">
                <Coords points="1358,2812 5532,2863 5532,2590 5402,2545 4777,2670 4300,2516 3294,2670 3186,2573 1358,2630"/>
                <Baseline points="1390,2781 1597,2774 1805,2775 2013,2775 2221,2774 2428,2775 2636,2778 2844,2780 3052,2775 3259,2775 3467,2775 3675,2775 3883,2775 4090,2775 4298,2775 4506,2775 4714,2769 4921,2769 5129,2769 5337,2769 5545,2775"/>
                <TextEquiv>
                    <Unicode>Niemand wird einen Augenblick darüber zweifelhaft</Unicode>
                </TextEquiv>
            </TextLine>
            <TextLine id="tr_1_tl_7" custom="readingOrder {index:6;}">
                <Coords points="977,3056 5544,3062 5544,2891 5288,2823 1375,2908 977,2783"/>
                <Baseline points="1008,3008 1235,3005 1462,3014 1689,3008 1916,3008 2143,3006 2370,3002 2598,3007 2825,3002 3052,3007 3279,3004 3506,3008 3733,3005 3960,3008 4188,3005 4415,3002 4642,3008 4869,3007 5096,3002 5323,3002 5551,3008"/>
                <TextEquiv>
                    <Unicode>sein, dass die Mehrzahl der Bach'schen und Händel’schen</Unicode>
                </TextEquiv>
            </TextLine>
            <TextLine id="tr_1_tl_8" custom="readingOrder {index:7;}">
                <Coords points="1000,3249 1369,3351 5544,3283 5544,3096 5248,3056 1000,3062"/>
                <Baseline points="1032,3223 1258,3235 1484,3241 1710,3232 1937,3235 2163,3237 2389,3235 2615,3233 2842,3234 3068,3233 3294,3239 3520,3235 3747,3235 3973,3236 4199,3239 4425,3230 4652,3235 4878,3235 5104,3235 5330,3241 5557,3235"/>
                <TextEquiv>
                    <Unicode>Compositionen auf einer Technik wie die, deren äufsere</Unicode>
                </TextEquiv>
            </TextLine>
            <TextLine id="tr_1_tl_9" custom="readingOrder {index:8;}">
                <Coords points="971,3505 5527,3550 5527,3340 5362,3300 971,3323"/>
                <Baseline points="1002,3468 1228,3462 1455,3468 1682,3462 1909,3467 2136,3462 2363,3462 2589,3464 2816,3464 3043,3462 3270,3462 3497,3468 3724,3468 3951,3462 4177,3468 4404,3462 4631,3465 4858,3462 5085,3462 5312,3462 5539,3468"/>
                <TextEquiv>
                    <Unicode>Signatur ich zu schildern versuchte, basirt ist. Dieselbe</Unicode>
                </TextEquiv>
            </TextLine>
            <TextLine id="tr_1_tl_10" custom="readingOrder {index:9;}">
                <Coords points="1000,3749 5481,3760 5351,3510 1000,3527"/>
                <Baseline points="1032,3695 1255,3695 1478,3690 1701,3691 1925,3695 2148,3695 2371,3695 2594,3695 2818,3695 3041,3695 3264,3695 3487,3695 3711,3695 3934,3695 4157,3689 4380,3689 4604,3689 4827,3695 5050,3701 5273,3692 5497,3689"/>
                <TextEquiv>
                    <Unicode>waltet aber nicht allein in den von ihnen wirklich ausge¬</Unicode>
                </TextEquiv>
            </TextLine>
            <TextLine id="tr_1_tl_11" custom="readingOrder {index:10;}">
                <Coords points="983,4004 5538,3999 5538,3811 5226,3749 983,3760"/>
                <Baseline points="1014,3921 1240,3924 1467,3927 1694,3923 1921,3927 2148,3927 2375,3927 2601,3927 2828,3927 3055,3922 3282,3927 3509,3922 3736,3927 3963,3927 4189,3927 4416,3927 4643,3921 4870,3927 5097,3927 5324,3922 5551,3927"/>
                <TextEquiv>
                    <Unicode>führten Tonstücken, sondern erstreckt sich ebenso über die</Unicode>
                </TextEquiv>
            </TextLine>
            <TextLine id="tr_1_tl_12" custom="readingOrder {index:11;}">
                <Coords points="1017,4215 5532,4237 5487,3987 1017,3987"/>
                <Baseline points="1050,4148 1274,4154 1499,4160 1724,4157 1949,4160 2173,4157 2398,4160 2623,4157 2848,4154 3072,4154 3297,4160 3522,4158 3747,4154 3971,4154 4196,4154 4421,4150 4646,4149 4870,4154 5095,4148 5320,4148 5545,4154"/>
                <TextEquiv>
                    <Unicode>Stellen, welche dem Accompagnement überlassen blieben.</Unicode>
                </TextEquiv>
            </TextLine>
            <TextLine id="tr_1_tl_13" custom="readingOrder {index:12;}">
                <Coords points="983,4493 5532,4436 5532,4237 5277,4198 983,4237"/>
                <Baseline points="1014,4387 1240,4381 1467,4382 1693,4393 1920,4386 2146,4385 2373,4382 2599,4387 2826,4387 3052,4381 3279,4389 3506,4393 3732,4385 3959,4392 4185,4391 4412,4387 4638,4387 4865,4387 5091,4387 5318,4381 5545,4387"/>
                <TextEquiv>
                    <Unicode>Eine derartige Behandlung verlangt zunächst die Einheit</Unicode>
                </TextEquiv>
            </TextLine>
            <TextLine id="tr_1_tl_14" custom="readingOrder {index:13;}">
                <Coords points="988,4675 5095,4743 5527,4629 5527,4493 4714,4430 988,4493"/>
                <Baseline points="1020,4608 1257,4612 1495,4616 1733,4609 1971,4616 2209,4614 2447,4620 2684,4620 2922,4614 3160,4614 3398,4614 3636,4614 3874,4615 4111,4617 4349,4614 4587,4620 4825,4620 5063,4613 5301,4614 5539,4608"/>
                <TextEquiv>
                    <Unicode>des Stils, dessen reizbare Empfindlichkeit störende Unter¬</Unicode>
                </TextEquiv>
            </TextLine>
            <TextLine id="tr_1_tl_15" custom="readingOrder {index:14;}">
                <Coords points="983,4947 5538,4919 5538,4680 983,4697"/>
                <Baseline points="1014,4841 1240,4838 1467,4847 1694,4841 1921,4847 2148,4847 2375,4847 2601,4841 2828,4843 3055,4841 3282,4847 3509,4847 3736,4851 3963,4841 4189,4838 4416,4841 4643,4847 4870,4847 5097,4847 5324,4848 5551,4847"/>
                <TextEquiv>
                    <Unicode>brechungen am allerwenigsten verträgt — ausserdem die</Unicode>
                </TextEquiv>
            </TextLine>
            <TextLine id="tr_1_tl_16" custom="readingOrder {index:15;}">
                <Coords points="988,5157 4504,5209 5544,5135 5544,4925 988,4947"/>
                <Baseline points="1020,5068 1246,5074 1473,5074 1700,5076 1927,5074 2154,5080 2381,5080 2607,5076 2834,5080 3061,5074 3288,5082 3515,5080 3742,5076 3969,5080 4195,5077 4422,5074 4649,5077 4876,5074 5103,5074 5330,5074 5557,5080"/>
                <TextEquiv>
                    <Unicode>ganze Anlage der Skizzen. Alles entfaltet sich hier in</Unicode>
                </TextEquiv>
            </TextLine>
            <TextLine id="tr_1_tl_17" custom="readingOrder {index:16;}">
                <Coords points="988,5368 5226,5396 5510,5339 5510,5169 983,5157"/>
                <Baseline points="1014,5306 1239,5305 1464,5306 1690,5300 1915,5306 2140,5306 2366,5306 2591,5306 2816,5311 3042,5304 3267,5312 3492,5312 3718,5312 3943,5312 4168,5312 4394,5312 4619,5312 4844,5312 5070,5312 5295,5306 5521,5300"/>
                <TextEquiv>
                    <Unicode>Intervallfortschritten, die von melodischen und harmo¬</Unicode>
                </TextEquiv>
            </TextLine>
            <TextLine id="tr_1_tl_18" custom="readingOrder {index:17;}">
                <Coords points="977,5640 5532,5589 5447,5402 4919,5345 4555,5458 977,5390"/>
                <Baseline points="1008,5539 1234,5536 1461,5533 1688,5533 1915,5533 2142,5535 2369,5534 2595,5535 2822,5539 3049,5533 3276,5533 3503,5539 3730,5539 3957,5539 4183,5536 4410,5527 4637,5533 4864,5539 5091,5543 5318,5545 5545,5539"/>
                <TextEquiv>
                    <Unicode>nischen Elementen förmlich überströmen — schon aus</Unicode>
                </TextEquiv>
            </TextLine>
            <TextLine id="tr_1_tl_19" custom="readingOrder {index:18;}">
                <Coords points="994,5845 5243,5850 5487,5816 5487,5600 994,5623"/>
                <Baseline points="1026,5766 1249,5760 1473,5766 1697,5766 1921,5766 2145,5766 2369,5766 2592,5766 2816,5772 3040,5769 3264,5766 3488,5772 3712,5772 3936,5772 4159,5772 4383,5772 4607,5766 4831,5769 5055,5772 5279,5766 5503,5760"/>
                <TextEquiv>
                    <Unicode>diesem Grunde ist eine stete Rücksichtnahme auf Princi¬</Unicode>
                </TextEquiv>
            </TextLine>
            <TextLine id="tr_1_tl_20" custom="readingOrder {index:19;}">
                <Coords points="994,6095 3186,6015 5032,6157 5532,6078 5532,5822 994,5884"/>
                <Baseline points="1026,5987 1251,6005 1477,5999 1702,5999 1928,5993 2154,5995 2379,5993 2605,6003 2831,6000 3056,6005 3282,5999 3508,6001 3733,6005 3959,6010 4185,6011 4410,6006 4636,6007 4862,6011 5087,6005 5313,6005 5539,6005"/>
                <TextEquiv>
                    <Unicode>pien, die vom Wesen der Polyphonie nun einmal nicht</Unicode>
                </TextEquiv>
            </TextLine>
            <TextLine id="tr_1_tl_21" custom="readingOrder {index:20;}">
                <Coords points="966,6367 1227,6276 3192,6310 3243,6038 2550,6112 2386,6066 2283,6129 1960,6032 1857,6089 1482,6032 971,6083"/>
                <Baseline points="1002,6232 1114,6231 1227,6226 1340,6226 1453,6226 1566,6230 1679,6226 1791,6226 1904,6226 2017,6226 2130,6226 2243,6226 2356,6226 2469,6226 2581,6226 2694,6226 2807,6226 2920,6224 3033,6224 3146,6232 3259,6232"/>
                <TextEquiv>
                    <Unicode>zu trennen sind, unerlässlich.</Unicode>
                </TextEquiv>
            </TextLine>
            <TextLine id="tr_1_tl_22" custom="readingOrder {index:21;}">
                <Coords points="1340,6504 5527,6589 5527,6259 1340,6299"/>
                <Baseline points="1372,6465 1580,6459 1788,6459 1997,6459 2205,6464 2413,6459 2622,6456 2830,6459 3038,6453 3247,6459 3455,6461 3663,6465 3872,6459 4080,6459 4288,6465 4497,6459 4705,6459 4913,6459 5122,6459 5330,6459 5539,6459"/>
                <TextEquiv>
                    <Unicode>Daraus erklärt sich denn auch, wie der Hinzutritt</Unicode>
                </TextEquiv>
            </TextLine>
            <TextLine id="tr_1_tl_23" custom="readingOrder {index:22;}">
                <Coords points="966,6714 5504,6788 5504,6589 4925,6515 966,6504"/>
                <Baseline points="996,6685 1233,6685 1471,6691 1709,6691 1947,6691 2185,6685 2423,6691 2660,6688 2898,6691 3136,6697 3374,6694 3612,6691 3850,6696 4087,6697 4325,6697 4563,6697 4801,6697 5039,6697 5277,6697 5515,6685"/>
                <TextEquiv>
                    <Unicode>homophoner Bildungen jene Ausdrucksformen nur unan¬</Unicode>
                </TextEquiv>
            </TextLine>
            <TextLine id="tr_1_tl_24" custom="readingOrder {index:23;}">
                <Coords points="1000,6992 5487,7038 5447,6776 1000,6788"/>
                <Baseline points="1032,6906 1255,6921 1479,6924 1702,6918 1926,6924 2149,6921 2373,6918 2596,6918 2820,6918 3043,6924 3267,6924 3491,6924 3714,6924 3938,6930 4161,6930 4385,6927 4608,6924 4832,6930 5055,6930 5279,6927 5503,6924"/>
                <TextEquiv>
                    <Unicode>gemessen durchkreuzen kann und höchstens ausnahms¬</Unicode>
                </TextEquiv>
            </TextLine>
            <TextLine id="tr_1_tl_25" custom="readingOrder {index:24;}">
                <Coords points="994,7270 2471,7185 2812,7270 2931,7174 3641,7253 3641,6986 994,6986"/>
                <Baseline points="1026,7145 1157,7145 1288,7145 1420,7151 1551,7151 1682,7151 1814,7146 1945,7151 2076,7151 2208,7151 2339,7151 2470,7151 2602,7151 2733,7151 2864,7145 2996,7145 3127,7151 3258,7151 3390,7151 3521,7151 3653,7151"/>
                <TextEquiv>
                    <Unicode>weise am rechten Orte sein wird.</Unicode>
                </TextEquiv>
            </TextLine>
            <TextLine id="tr_1_tl_26" custom="readingOrder {index:25;}">
                <Coords points="1358,7435 5498,7441 5498,7248 5135,7191 1358,7231"/>
                <Baseline points="1390,7366 1606,7378 1823,7378 2040,7382 2257,7382 2473,7378 2690,7384 2907,7384 3124,7378 3341,7378 3557,7385 3774,7386 3991,7384 4208,7387 4425,7378 4641,7384 4858,7386 5075,7390 5292,7384 5509,7378"/>
                <TextEquiv>
                    <Unicode>Wer mit der Technik der strengen Schreibart einiger¬</Unicode>
                </TextEquiv>
            </TextLine>
            <TextLine id="tr_1_tl_27" custom="readingOrder {index:26;}">
                <Coords points="971,7679 5538,7725 5504,7424 971,7464"/>
                <Baseline points="1002,7611 1229,7611 1456,7611 1683,7609 1910,7612 2137,7615 2364,7612 2592,7617 2819,7613 3046,7612 3273,7611 3500,7617 3727,7614 3954,7623 4182,7614 4409,7611 4636,7614 4863,7616 5090,7617 5317,7617 5545,7617"/>
                <TextEquiv>
                    <Unicode>massen vertraut ist, erkennt schon aus der Führung des</Unicode>
                </TextEquiv>
            </TextLine>
            <TextLine id="tr_1_tl_28" custom="readingOrder {index:27;}">
                <Coords points="988,7907 5532,7912 5458,7685 4873,7645 988,7708"/>
                <Baseline points="1020,7826 1246,7840 1472,7843 1698,7840 1925,7842 2151,7841 2377,7843 2603,7843 2830,7843 3056,7843 3282,7839 3508,7843 3735,7843 3961,7843 4187,7843 4413,7843 4640,7843 4866,7848 5092,7843 5318,7843 5545,7843"/>
                <TextEquiv>
                    <Unicode>Grundbasses, von welcher Beschaffenheit die ergänzenden</Unicode>
                </TextEquiv>
            </TextLine>
            <TextLine id="tr_1_tl_29" custom="readingOrder {index:28;}">
                <Coords points="971,8122 5538,8162 5447,7895 971,7912"/>
                <Baseline points="1002,8076 1229,8076 1456,8076 1683,8076 1910,8076 2137,8076 2364,8076 2592,8076 2819,8076 3046,8075 3273,8078 3500,8077 3727,8079 3954,8076 4182,8076 4409,8070 4636,8073 4863,8077 5090,8080 5317,8081 5545,8082"/>
                <TextEquiv>
                    <Unicode>Zuthaten etwa sein müssen: durchschnittlich werden sich</Unicode>
                </TextEquiv>
            </TextLine>
            <TextLine id="tr_1_tl_30" custom="readingOrder {index:29;}">
                <Coords points="966,8423 2391,8321 4260,8418 4555,8367 4555,8156 966,8162"/>
                <Baseline points="996,8303 1174,8309 1353,8309 1532,8309 1711,8309 1890,8309 2068,8303 2247,8303 2426,8303 2605,8303 2784,8303 2962,8309 3141,8309 3320,8303 3499,8309 3678,8309 3856,8303 4035,8303 4214,8309 4393,8309 4572,8303"/>
                <TextEquiv>
                    <Unicode>diese Anzeigen selten als trügerisch erweisen.</Unicode>
                </TextEquiv>
            </TextLine>
            <TextLine id="tr_1_tl_31" custom="readingOrder {index:30;}">
                <Coords points="1318,8622 5515,8617 5515,8304 4942,8247 4589,8401 3556,8361 3397,8469 3192,8338 1318,8372"/>
                <Baseline points="1349,8542 1557,8536 1766,8536 1975,8536 2184,8536 2393,8536 2602,8536 2811,8538 3020,8536 3229,8540 3438,8540 3646,8542 3855,8538 4064,8542 4273,8542 4482,8542 4691,8540 4900,8542 5109,8540 5318,8536 5527,8530"/>
                <TextEquiv>
                    <Unicode>So viel steht jedoch fest, dass man mit der blossen</Unicode>
                </TextEquiv>
            </TextLine>
            <TextLine id="tr_1_tl_32" custom="readingOrder {index:31;}">
                <Coords points="960,8861 5487,8832 5419,8588 960,8611"/>
                <Baseline points="990,8763 1215,8775 1441,8775 1666,8775 1892,8775 2118,8775 2343,8780 2569,8777 2795,8775 3020,8771 3246,8775 3472,8777 3697,8775 3923,8775 4149,8773 4374,8775 4600,8773 4826,8775 5051,8775 5277,8770 5503,8769"/>
                <TextEquiv>
                    <Unicode>Kenntniss der Regeln des Generalbasses, wie sie nament¬</Unicode>
                </TextEquiv>
            </TextLine>
        </TextRegion>
    </Page>
</PcGts>
