7013 10813
3703 1183 3937 1496 34
3476 1308 4158 1684 i
1559 1576 6087 1906 lich von den Compendien der neueren Harmonielehren
1547 1906 6064 2156 im Orakelton der Welt verkündet werden, bei der Aus¬
1559 2145 6047 2378 führung des Accompagnements älterer Tonwerke schwer¬
1547 2327 6064 2588 lich durchkommen wird. Hier hat man sich den Gebräu¬
1553 2577 6076 2856 chen, die zu ihrer Entstehungszeit an der Tagesordnung
1576 2799 6047 3043 waren, möglichst anzuschliessen, um zu erfreulicheren Re¬
1547 3032 6076 3271 sultaten gelangen zu können. Diesen Gebräuchen gemäss
1553 3271 6041 3533 erblickte man damals in den Accorden weniger streng
1553 3493 6070 3743 von einander geschiedene, auf sich selbst bezogene Kör¬
1581 3715 6070 3994 per, die nach bestimmten Vorschriften gegenseitig in Ver¬
1564 3965 6064 4232 bindung gebracht worden wären — man fasste sie viel¬
1547 4204 6064 4471 mehr als freies Produkt einer kunstreichen Stimmbewegung
1536 4460 6087 4688 auf: indem die melodisch geführten Contrapunkte sich
1525 4659 6087 4904 momentan berührten, erzeugten sie harmonische Reihen,
1553 4915 6070 5148 deren schwebende Schönheit einen unaussprechlichen Zau¬
1530 5091 2549 5404 ber ausübte.
1883 5256 6093 5592 Freilich ist die Behandlung einer solchen Setzart mit
1530 5569 6093 5865 mancherlei Schwierigkeiten verknüpft; wer sich diesen
1530 5780 6104 6087 nicht gewachsen fühlt, wird die alten Kunstwerke am
1536 6019 6070 6292 meisten ehren, wenn er sie mit seinen Bearbeitungen un¬
1553 6280 6098 6514 behelligt läfst. So wurde z. B. meine Feder sehr vielen
1547 6462 6093 6815 Compositionen Bach's gegenüber schon längst zur Ruhe
1559 6718 2384 7003 verwiesen.
1889 6866 6076 7265 Mozart und Mendelssohn*) erkannten nun klar genug,
1559 7196 6087 7430 welcher Stil bei der Ausführung des Accompagnements
1536 7430 6081 7782 hauptsächlich in Anwendung zu bringen sei*) ; ihrem
1849 7731 6087 8112 *) Auf die Orgelstimme zu „Israel in Aegypteu“ beziehe ich mich
1553 8004 6098 8374 hier nicht, wohl aber auf Mendelssohn's Bearbeitung dieses Oratoriums
1536 8226 2440 8471 für Orchester.
1849 8357 6104 8613 Wem fiele hier nicht Mozart’s herrliche Bearbeitung der Bafs¬
1530 8601 6093 8874 arie aus dem Messias: „Das Volk, so im Dunkeln wandelt“, ein? Um
