6842 10804
2948 1204 3635 1647 35
1051 1545 5538 1914 Vorgange wird man unbedingt folgen dürfen, nicht darum,
983 1874 5549 2136 weil sie für uns Autoritäten sein müssten, sondern weil die
1022 2096 5538 2374 Erfahrung lehrt, wie tief sie diesen Dingen auf den Grund
1005 2346 5515 2618 schauten. Namentlich verlangen Bach's so wunderbar ge¬
1005 2596 5532 2823 zeichnete Skizzen fast immer eine polyphone Führung der
1011 2806 5521 3067 Stimmen, die seinem ausserordentlichen Combinations¬
1000 3039 5527 3289 vermögen ein natürliches Bedürfniss gewesen zu sein
994 3255 5544 3533 scheint; aber auch Händel’s plastischere Formen bedingen
1005 3505 5515 3743 sie, obschon mit den ihrem Wesen angemessenen Be¬
983 3715 2113 3987 schränkungen.
1363 3834 5549 4192 Sollen jedoch dergleichen Arbeiten einige Aussicht
994 4152 5532 4408 auf Erfolg haben, ist es durchaus nothwendig, dass die
994 4430 5521 4663 reconstruirende Thätigkeit auf einer wirklich produktiven
994 4629 5510 4885 Kraft, wäre sie auch noch so eng begränzt, ruhe; ausser-
988 4879 5515 5118 dem muss sie dem Geiste, der in den Vorlagen herrscht,
1000 5129 5544 5373 gewissermassen verwandt sein, weil sonst eine bedenkliche
1000 5339 5521 5618 Zwiespältigkeit des Stils kaum ausbleiben kann. Unter
994 5527 5481 5811 der Voraussetzung solcher Qualitäten wird aber die Be¬
988 5771 5487 6066 arbeitung stets eine bestimmte Physiognomie, das noth¬
994 6038 5481 6271 wendige Ergebniss jeder individuellen Auffassung, anneh¬
983 6293 5493 6526 men. Je nachdem diese ausfällt, hat jene, die Bearbeitung,
1000 6475 5481 6748 ihre gute Berechtigung, oder ist als eine hinfällige zu be¬
988 6685 5510 6935 zeichnen. Das sogenannte historische Reproduciren dürfte
966 6935 5493 7265 sich in der Kunst nur als ein leeres Hirngespinnst erwei¬
966 7191 4868 7503 sen, dem eben das Beste fehlt: Fleisch und Blut.
977 7799 5493 8088 sich den Werth einer Bearbeitung zum deutlichen Bewufstsein zu bringen,
994 8043 5487 8236 dürfte es gerathen sein, auf dergleichen Leiftungen gelegentlich hinzu¬
983 8219 5521 8480 weisen, selbst auf die Gefahr hin, sich nicht in Uebereinstimmung mit
966 8406 5493 8719 der Meinung des berühmten Versassers von: „über Reinheit der Ton¬
960 8577 2192 8884 kunft" zu befinden.
4408 8696 4669 9077 3*
