6975 10833
3567 1174 3834 1464 36
3356 1379 4068 1647 nommu
1783 1493 5965 1886 In der Mehrzahl der mir bekannt gewordenen Bear¬
1459 1857 5999 2114 beitungen — von den Mozart’ischen und Mendelssohn’schen
1447 2097 5982 2364 ist hier natürlich nicht die Rede — vermisst man nun
1459 2307 5999 2564 eine Begabung in jenem Sinne recht sehr: darum sind sie
1453 2535 5982 2775 denn auch meist trocken und nüchtern; die Verfasser
1447 2769 5988 3014 scheinen sich überhaupt wenig Sorge zu machen, ob ihre
1441 3014 5994 3253 Zuthaten den Stimmungen der Vorlagen congruent sind
1453 3236 5994 3527 oder nicht. Ueberall sticht die Ausfüllung der Lücken
1453 3453 5988 3703 unvortheilhaft von dem übrigen Satze ab: während dieser
1441 3709 5982 3948 in blühendem Leben strahlt, bietet jene nur eine mecha¬
1447 3954 6011 4171 nische Anhäufung von Accorden, die in theilnahmloser
1464 4159 5937 4433 Trägheit neben einander stehen und weder mit der Sing
1453 4376 5982 4655 stimme noch mit dem Basse in geschmeidige Verbindung
1441 4621 6005 4877 zu bringen sind. Mögen auch die Bearbeiter vom besten
1453 4843 5982 5128 guten Willen beseelt gewesen sein, durch ihre Ausfüh¬
1436 5105 5988 5396 rungen den Originalen zu dienen — der gute Wille,
1441 5310 6011 5595 selbst wenn er von den idealften Anschauungen getragen
1464 5544 5994 5908 wäre, kann nun und nimmermehr für Leistungen ausreichen,
1453 5749 4364 6068 wie sie hier verlangt werden müssen.
1806 5948 6017 6256 Bedenkt man endlich, dass Bach und Händel stets
1453 6256 6011 6489 als Tondichter, und zwar im eminentesten Sinne des
1470 6455 6028 6712 Wortes, aufzufassen sind, so vermehren sich damit die
1453 6660 6011 6951 Schwierigkeiten einer Bearbeitung jedenfalls in hohem
1453 6928 5988 7173 grade. Ihren Werken wird nur gerecht werden, wer
1447 7150 6011 7395 ihnen mit der bestimmten Voraussetzung nahet, dass sie
1453 7378 6017 7640 in allen Theilen von der geheimnissvollen Macht eines
1498 7623 5994 7897 poetischen Tonlebens durchdrungen sind. Beide Meister
1470 7863 6022 8090 unter anderen Gesichtspunkten begreifen zu wollen, würde
1453 8062 6034 8432 sicher zu der Gefahr führen, sich mehr und mehr von
1453 8290 4666 8660 ihren wirklichen Absichten zu entfernen.
