6867 10817
3313 1186 3541 1488 37
3074 1414 3786 1659 nommen
3359 1768 3541 2081 *
1517 2064 5714 2367 Diese weit ausgesponnenen Mittheilungen könnten
1158 2355 5697 2600 nun bei Ihnen leicht den Verdacht erwecken, als hege
1158 2600 5714 2880 ich im Stillen den vermessenen Glauben, der Mann zu
1152 2840 5720 3114 sein, dessen Leistungen den obengestellten Forderungen
1158 3085 5714 3330 auf das Beste entsprächen und dass nur in ihnen wahres
1186 3273 5685 3547 Heil zu finden sei. Damit würden Sie mir aber entschie¬
1163 3507 5697 3752 den Unrecht thuen. Stärker und bestimmter kann das
1186 3718 5691 4054 Gefühl der eigenen Unzulänglichkeit so schwierigen Auf¬
1180 3952 5697 4237 gaben gegenüber kaum an Jemand herangetreten sein,
1152 4186 5680 4397 als es bei mir oft genug der Fall war. Die vielen Irr¬
1163 4414 5697 4693 thümer — freilich musste ich sie meist selbst an mir auf¬
1180 4665 5725 4887 decken, ohne dabei von der Kritik unserer Fachblätter
1180 4864 5725 5155 irgendwie unterstützt zu werden — konnten ebenfalls
1152 5104 5725 5366 nur dazu beitragen, jenes Gefühl wesentlich zu erhöhen.
1158 5326 5714 5606 So hatte ich mich bei früheren Bearbeitungen für Klavier,
1186 5634 5731 5851 wenn ich mir durchaus nicht zu rathen und zu helfen
1192 5794 5725 6028 wufste, durch leichte Abänderungen an den Originalen
1192 6028 5720 6341 versündigt — später, als das Orchester mit herangezogen
1180 6250 5725 6507 wurde, fand ich keine Veranlassung mehr, bei diesen
1158 6489 5725 6735 fatalen Auskunftsmitteln einer mangelhaften Einsicht zu
1175 6700 5702 7003 beharren. Es kostet mir nicht die geringste Ueberwindung,
1186 6963 5714 7225 dies hier in aller Freimüthigkeit zu bekennen, auch hoffe
1175 7191 5708 7408 ich immer in der Lage zu sein, reiferen Erfahrungen da¬
1180 7430 5725 7710 durch die Ehre zu geben, dass ich ihnen das Recht einer
1175 7658 5697 7955 nachsichtslosen Kritik, am allermeisten den eigenen Hand¬
1180 7875 5714 8115 lungen gegenüber, einräume: nur auf diese Weise kann
1215 8103 5731 8383 ja der Mensch im erträglichen Gleichgewicht mit sich selbst
1175 8337 5760 8616 bleiben. — Dass ich der Mängel aber allmählich inne
1192 8588 5760 8953 wurde und sie mit der Zeit vermeiden lernte, gab mir
