6938 10808
3408 1138 3675 1485 38
3237 1331 3931 1627 n
1257 1542 5831 1917 stets von Neuem den Muth, in meinen Arbeiten unbeirrt
1274 1889 5791 2150 fortzufahren — jede Correktur, die ich an mir selbst vollzog
1269 2082 5820 2372 versprach ja den Werken zu Gute zu kommen, für welche
1246 2361 5808 2611 mir kein Opfer gross und schwer genug zu sein diinkte.
1616 2577 5808 2856 Einer ähnlichen Stimmung gab ich bereits in der
1274 2765 5797 3055 Vorbemerkung der von mir bearbeiteten Bach’schen
1263 3038 5808 3311 Matthäuspession Ausdruck; erlauben Sie, mit den dort
1274 3282 5569 3567 gebrauchten Worten diesen Brief schliessen zu dürfen:
1633 3476 5780 3783 «Sonst bin ich weit entfernt zu glauben, allen An¬
1269 3703 5814 3982 sprüchen, die von ganz verschiedenen Standpunkten aus
1257 3931 5803 4193 erhoben werden, gleichmässig entsprochen zu haben, hoffe
1246 4170 5803 4443 aber die gebotene Lösung des gegebenen Problems nicht
1257 4420 5808 4653 unwesentlich durch meine Arbeit gefördert zu sehen. In
1286 4636 5774 4904 diesem Sinne werde ich stets bereit sein, ähnlichen Ver¬
1252 4875 5785 5137 suchen, denen es gelingt, dem erstrebten Ziele noch näher
1240 5103 5785 5342 zu kommen, meine freudige Zustimmung nicht zu versagen,
1246 5342 5746 5666 und jeder Kritik, die sich in solch positiver Weise zu be¬
1240 5547 4602 5928 thätigen weiss, mich willig unterzuordnen.»
1576 5825 3794 6297 Halle a/S. d. 1. Juli 1871.
3880 6650 5598 7065 Robert Franz.
3396 7873 3567 8192 in
3049 7873 3345 8283 Stout
3055 8232 3868 8539 MONCHES
