6821 10804
3364 1242 3562 1498 39
3131 1384 3823 1628 n
1537 1645 5502 2036 Johann Sebastian Bach's Localwerke
2070 1980 4856 2320 in Bearbeitungen von Robert Franz
3023 2229 3908 2462 im Verlage von
1736 2326 5213 2717 F. E. C. Leuckart (Constantin Sander) in Leipzig.
3347 2598 3596 2865 .
2462 2819 4481 3137 ACTUS TRAGICUS.
1503 3040 5372 3500 „Gottes Zeit ist die allerbeste Zeit.
2190 3352 4754 3670 Cantate von Johann Sebastian Bach,
2570 3625 4345 3891 gearbeitet von Robert Franz.
1673 3818 5258 4141 Partitur 2 Thlr. Orchesterstimmen 2 Thlr. Chorstimmen 14 Sgr.
2819 4039 4107 4226 Clavier-Auszug 1 Thlr.
1276 4073 5638 4436 Hieraus einzeln im Clavierauszug: Arie: „In deine Hände befehl' ich
2541 4334 4379 4612 meinen Geist“ für Alt 5 Sgr.
1634 4759 5292 5196 Ich hatte viel Bekümmerniss.
2008 5117 4901 5429 Cantate von Joh. Sebastian Bach,
2416 5349 4510 5667 gearbeitet von Robert Franz.
1174 5565 5735 5826 Partitur 4 Thlr. Orchesterstimmen 4 1/3 Thlr, Clavier-Auszug: A. Grosse
1180 5769 5724 5984 Ausgabe in 4. 2 Thlr. B. Handausgabc in 8. 15 Sgr. Chorstimmen
3301 5933 3750 6132 Thaler.
2490 6024 4413 6313 Hieraus einzeln im Clavierauszuge:
1191 6183 5196 6444 1. Arie: „Seufzer, Thränen, Kummer, Noth“ fürcepran 5 Sgr.
1174 6353 5718 6580 2. Recitativ und Arie: „Bäche von gesalzen Zähren“ für Tenor 6 Sgr.
1180 6540 5712 6818 3. Recitativ und Duett: „Komm, mein Jesu, und erquicke“ für Sopran
1475 6694 2581 6881 und Bass 20 Sgr.
1169 6773 5536 7096 4. Arie: „Erfreue dich, Seele, erfreue dich, Herze“ für Tenor 6 Sgr.
1446 7255 5429 7658 O ewiges Feuer, o Ursprung der Liebe.
2201 7573 4708 7930 Cantate von Johann Sebastian Bach.
2411 7862 4447 8163 gearbeitet von Robert Franz.
1174 7987 5718 8322 Partitur 1 2/3 Thlr. Orchesterstimmen 3 1/2Thlr. Clavierauszug A. Grosse
1169 8265 5707 8509 Ausgabe in 4. 1 Thlr. B. Handausgabe m 8. 12½ Sgr. Chorstimmen
3194 8412 3698 8668 10 Sgr.
