6579 10804
3417 1169 3643 1480 40
3203 1373 3875 1638 n
1491 1553 5558 1966 Verlag von F. E. C. Leuckart (Constantin Sander) in Leipzig.
2271 2017 4813 2423 Magnificat in Ddur
1988 2570 5090 2875 Johann Sebastian Bach,
2644 2807 4417 3118 gearbeitet von Robert Franz.
1282 3022 5796 3271 Vollständige Partitur 32/3 Thlr. Orchesterstimmen 3 2/3 Thlr. Orgel-
1260 3259 5801 3519 stimme 20 Sgr. Chorstimmen 18¾ Sgr., Clavierauszug: A. Grosse Aus¬
1762 3423 5315 3700 gäbe in 4. 2½ Thlr. B. Handausgabe in 8. n. 15 Ngr.
3502 3655 3841 3824 ou
2570 3734 4496 3994 Hieraus einzeln im Clavierauszuge:
5378 3824 5807 4191 5 Sgr.
1277 3954 5061 4208 1. Arie: „Et exultavit spiritus meus“ für Sopran....
5349 4118 5807 4366 5 Sgr.
1260 4152 4395 4338 2. Arie: „Quia respexit humilitatem" fürcepran
4496 4157 5101 4434 ..
5366 4316 5801 4536 5 Sgr.
1271 4310 4005 4525 3. Arie: „Quia fecit mihi magna" für Bass
5372 4491 5801 4722 5 Sgr.
1288 4485 5191 4700 4. Duett: „Et misericordia a progenie“ für Alt und Tenor.
1277 4666 3852 4914 5. Arie: „Deposuit potentes“ für Tenor.
5344 4660 5807 4886 6 Sgr.
4378 4711 5140 4960 ..
1271 4830 4045 5135 6. Arie: „Esurientes implevit bonis“ für Alt
4807 4807 5818 5146 5 Sgr.
2197 5321 4903 5677 Johann Sebastian Bach's Cantaten
1525 5604 5558 5993 im Clavierauszuge bearbeitet von Robert Franz.
3107 5875 3977 6050 n
2847 5999 4220 6242 Neue billige Ausgabe.
3096 6146 3971 6338 1
1712 6168 4672 6530 Nr. 1. Es ist dir gesagt, Mensch, was gut ist
4762 6163 5366 6569 1 1/3 Thlr.
1774 6445 4338 6728 „ 2. Gott fähret auf mit Jauchzen
1757 6632 3982 6846 „ 3. Ich hatte viel Bekümmerniss
1779 6807 3756 7067 „ 4. Wer sich selbst erhöhet.
1762 6976 4672 7259 „ 5. O ewiges Feuer, o Ursprung der Liebe
1774 7151 4095 7383 „ 6. Lobet Gott in seinen Reichen
4756 7157 5010 7389 1 1/3
1779 7326 4830 7575 „ 7. Wer da glaubet und getauft wird 1
5118 7360 5287 7569 "
1779 7524 4446 7824 „ 8. Ach wie flüchtig, ach wie nichtig
1779 7711 3926 7948 „ 9. Freue dich, erlöste Schaar.
3982 7660 4993 7942 .... 1 1/3
1779 7880 3920 8117 „ 10. Gottes Zeit (Actus tragicus).
4124 7869 4372 8100 .
1271 8021 5813 8264 (Die Chorstimmen zu diesen Cantaten sind in demselben Verlage erschienen und in jeder
2745 8236 4366 8462 beliebigen Anzahl zu beziehen.)
2553 8564 4508 8885 Druck von C. Grumbach in Leipzig.
