17144 22378
3828 3192 5971 3916 ræfatio.
9710 3296 10670 3916 Tort
10833 3310 11853 3916 ede.
4419 3769 5143 4212 de mes
10404 3783 11128 4227 -
7774 3828 8069 4522 Deine
2660 4123 7685 4700 embra Academiæ in honorem S. Cæciliae in
8365 4182 13596 4744 ei der 2. Generalversammlung des allgemeinen
2749 4596 7685 4936 Germania existentis Ratisbonae (in regno
8247 4670 13552 5084 deutschen Cäcilien-Vereines zu Regensburg,
7833 4774 8483 5128 Mais
2719 4921 7700 5335 Bavarico) tertio, quarto et quinto die mensis
8572 4936 13611 5291 am 3. — 5. August dieses Jahres, wurde
1803 5054 7581 5527 Augusti hujus anni congregata, „Missam secundam
7788 5128 13582 5557 beschlossen, die „Missa II.“ von Hans Leo Hasler
1862 5498 7641 5867 (ita in Originali nominatur, quia sécundum locum
7833 5498 13611 5838 (so ist sie im Originale bezeichnet, sie steht denn
1818 5808 13596 6133 tenet) Joannis Leonis Hasleri qua xenium pro hoc auch an zweiter Stelle) als Vereinsgabe pro 1869
1773 6089 13478 6458 anno edendam decreverunt atque hoc munus mihi auszugeben, und der Unterzeichnete mit der Heraus
7803 6384 13626 6710 gabe beauftragt, jedoch so, dass er die nothwendigen
1803 6370 7655 6710 demandaverunt, sed ea lege, ut transpositiones, mu¬
7818 6665 13596 7005 Transpositionen, Schlüsselveränderung etc. vornehme
1818 6695 7670 7020 tationes clavium, signa dynamica etc. per traditionem
7803 6976 13552 7375 und Vortragszeichen, wie sie die Regensburger Tra¬
1788 6916 7685 7286 scholarum Ratisbonensium probata adderem, cui
1773 7242 13596 7611 mandato libens obsequutus sum. Hunc modum edendi dition bei der Aufführung an die Hand gebe, einzu¬
1773 7581 13626 7907 neque qui laudent propter utilitatem neque qui zeichnen hätte. Somit war das bei der Herausgabe
1833 7818 13508 8202 propter rei novitatem vituperent desunt. Sciant dieser Messe einzuhaltende Verfahren mir vorge
1759 8084 13641 8468 autem vituperatores, nullam textus et notarum mu¬ schrieben. Es wird seine Lobredner, die sich auf
1818 8365 13626 8749 tationem in hac editione factam esse. Nam etsi in die Verwendbarkeit in praxi, zu welchem Behufe ja
1818 8719 13596 9104 Originali intonatio in „C“ (Ut“) i. e. in tono jonico die Herausgabe geschieht, berufen, und seine Tadler
7788 8971 13611 9311 finden. Letztere mögen bedenken, dass keinerlei
4907 9015 5246 9340 T.H.
1788 9015 4301 9444 et in his clavibus —
5926 9015 7655 9458 # habetur, du¬
5483 9178 5719 9458 akademie
6178 9251 13596 9710 potest, quin Aenderungen gemacht wurden; denn wenn auch
1818 9237 4389 9784 bitari tamen non
7788 9547 13567 9872 das Original um die Terz höher (in C = XI. Tonart
1773 9636 2882 10050 tonus „0
3237 9651 7700 10064 („Ut“) sæculo XVI. tot oscillationibus
7788 9813 13626 10168 tonus jonicus) steht und folgende Schlüssel hat:
1773 9990 7685 10286 sonuerit, quot „A“ („La“) saeculo XIX. Opus ipsum
9724 10138 13626 10537 so ist doch nicht zu bezweifeln, dass
1818 10286 7685 10596 Hasleri ne minima quidem parte immutatum est.
8985 10212 13641 10759 das c des 16. Jahrhunderts so tief
8808 10626 9385 10966 45--
1759 10552 7655 10862 Signa (diöses) in Codice originali non impressa
7921 10537 8542 11040 3
13227 10715 13626 11025 An
9813 10670 12946 11099 klang, wie das a des 19ten
1773 10848 7685 11217 sed tunc temporis omnibus cantoribus ex regulis
7803 10951 13626 11350 der Composition selbst wurde nicht das Geringste,
1773 11128 7700 11483 satis nota et etiam nunc in cantu exprimenda non
7788 11306 13626 11631 nicht Eine Note geändert. Selbst die im Originale
1818 11424 7079 11897 juxta sed supra vel infra notas posita invenies.
7788 11557 13626 11882 nicht stehenden x und », die sich aber aus den allen
7774 11853 13596 12178 Sängern damaliger Zeit geläufigen Regeln ergeben.
2276 11823 6695 12458 Pro signis textus originalis signum
6946 11986 13656 12547 habet; sind nur ober oder unter der Note eingezeichnet; bei
5897 12281 7611 12725 in vocibus „Te
1773 12311 5232 12710 Ad verba „descendit de cœlis-
7774 12429 11867 12872 der Aufführung sind sie zu beachten.
5971 12621 7611 13005 „Canto“et „Alto“
1773 12636 5424 13094 nore“ et „Basso“; in vocibus
8247 12591 13050 13138 Statt der Fermaten etc. steht im Originale
2438 12931 7700 13301 deinde in „Tenore“ ad finem primae et tertiae
7818 12976 13582 13390 Nur bei descendit de cœlis steht auch im Ori¬
1818 13227 7670 13626 partis cantus, qui „Kyrie“ vocatur, ambarum partium
8941 13404 13641 13848 im Tenor und Bass, im Alt undcepran
7803 13360 8764 13833 ginale
1773 13537 7567 13922 cantus „Gloria“, primae et tertiae partis cantus„Credo
7936 13729 8173 14188 näi-
8306 13685 13626 14143 Ausserdem steht im Tenor, am Schlüsse des
1773 13789 7685 14202 nempe ad verba „homo factus est“ et „non erit
7818 14114 13641 14454 1. und 2. Kyrie, der beiden Sätze des Gloria, des
1788 14128 7685 14513 finis" et ad finem cantus „Sanctus, Benedictus et
4522 14380 13523 14734 »; idem in „Basso“ excepto homo factus est und non erit finis, des Osan
1818 14395 4330 14779 Agnus Dei“ signum
1788 14675 13611 15074 fine cantus „Kyrie“; in „Canto“ et „Alto“ hoc signum na, Benedictus und Agnus Dei, ebenso im Basse,
1788 14956 13611 15311 non reperitur. Titulus Cod. originalis, ex quo praesens mit Ausnahme des Schlusses des 2. Kyrie, eine
1803 15252 13611 15562 Missa desumta est, sic legitur: „Missae quaternis, Fermate O, die imcepran und Alt fehlt. Das
7818 15532 13611 15887 Original, das mir vorlag, führt den Titel: „Missæ
1847 15562 7685 15902 V., VI. et VIII. vocibus. Authore Joanne Leone
7818 15843 13596 16183 quaternis, V. VI. et VIII. vocibus. Authore Joanne
1818 15843 7655 16301 Haslero, Norimbergensi, Nunc recens in lucem editae
7788 16138 13611 16478 Leone Haslero, Norimbergensi, Nunc recens in lucem
1818 16138 7655 16508 1599. Cum privilegio S. C. Majestatis peculiari
1788 16419 13552 16789 Norimbergae Apud Paulum Kaufmannum.“ De vitae editae. 1599. Cum Privilegio S. C. Majestatis pecu-
1818 16715 13582 17040 curriculo J. L. Hasleri conferas Doctoris Proske opus! liari. Norimbergæ Apud Paulum Kaufmann“. Ueber
1892 17010 7641 17335 „Musica divina“ (I. pag. LV.) et quod dixi in ephe¬
7803 17010 13626 17335 die Lebensschicksale des Componisten vergl. Proske’s
1803 17276 7581 17646 meride (Nr. 1) „Monatshefte für Musikgeschichte“
7759 17306 13582 17661 „Musica divina“ I. p. LV. und meinen Aufsatz in dem
1833 17587 13567 17912 Caetera nuper edita Hasleri opera in opere „Musica ersten „Monatshefte für Musikgeschichte.“ Was von
1788 17853 13596 18178 divina“ et „Selectus novus“ cura Caroli Proske den übrigen Werken Hasler's edirt ist, steht in
1773 18163 7641 18636 apud Fred. Pustet typographum Ratisbonensem con-
7774 18163 13611 18606 Proske’s Musica divina oder Secretus novus (bei
1759 18444 2734 18887 tinentur.
7759 18414 10256 18917 Pustet in Regensburg
