17506 22311
0 22108 223 22256 he ist eivät och ein halb
9837 1721 15164 2285 Die Authenticität des Origitals ist also vollstän¬
3917 1736 9184 2270 Authenticitas ergo operis originalis omnino ser
3442 2196 15105 2552 vata est, quia illa tantum a me adjuncta vides, quae dig gewahrt, wenn der Leser sich alle Zusätze weg
3442 2433 15238 2804 in originalibus aevi XVI. desunt. Præter signa a me denkt; die Original-Drucke des 16. Jahrhunderts
3427 2789 15253 3116 addita etiam alia observanda plura, quae quidem haben bekanntlich weder Vortrags- noch Tempo¬
9392 3057 15194 3427 Bestimmungen. Aber auch die Vortragsbestimmun¬
3457 3057 9244 3427 omnia notare nimis difficile est. Quia tunc tactus
3472 3338 15283 3754 quos vocant, lineis non distinguebantur, cantores gen, wie ich sie gegeben, reichen selbstverständlich
3457 3635 9244 4006 syllabas longas in thesi et breves in arsi canere mi¬
9392 3709 15283 4006 nicht aus; ja es ist unmöglich, sie alle anzugeben.
9407 3932 15268 4273 Da man damals keine Taktstriche in den Stimmen
3413 3917 9273 4258 nime offendebat. In hac „Missa II.“ exemplum hasde.
3561 4229 15312 4585 syllabas canendi choriregentibus linguae latinae minus anwandte, so war es für die Sänger sehr gleichgiltig,
9422 4525 15268 4852 ob lange und zu betonende Silben auf die schlechten
3576 4525 9273 4852 naris in cantionibus „Gloria“, „Credo“ dedi omnes-
9437 4807 15283 5238 und kurze Silben auf die guten Takttheile kamen.
3457 4807 9303 5208 que syllabas longas typis pinguibus exudendas curavi
9481 5074 15327 5460 Um nun ein Beispiel an einer Messe zu geben, wie
3991 5208 9318 5757 Cantoribus nunquam satis inculcari potest, istas
9451 5386 15297 5757 betont werden muss, besonders solchen Chorregenten,
9451 5683 15312 5994 die des Lateinischen nicht mächtig sind, wurden im
3487 5638 9288 6039 longas syllabas, nempe „ Kyrie, Christe eleison
3487 5980 9333 6321 Sanctus Dominus Deus Sabaoth“ etc. graviore
9481 5935 15357 6425 Gloria und Credo alle zu betonenden Silben fett
9481 6232 10520 6632 gedruckt.
3502 6276 9348 6692 ut ita dicam tono canendas esse; caveant autem,
9971 6410 15312 6944 Man kann den Sängern nie oft genug wieder¬
3502 6558 9273 6885 ne modum excedant, inprimis ubi syllabae celeri
9466 6810 15386 7226 holen, dass sie Kyrie, Christe, eleison, Sanctus
3531 6825 9303 7285 ter pronuntiantur, uti in initio cantus „Gloria“
9481 7122 15342 7434 Dominus Deus Sabaoth etc. betonen müssen.
3531 7122 9318 7448 Non raro fit, ut intra unum eundemque tactus nu¬
3502 7419 15372 7790 merum in diversis Vocibus hæc syllaba gravis alia freilich ohne zu übertreiben oder grell zu werden,
3531 7760 15386 8057 alio in loco exprimenda occurrat, quod quidem sium so weniger dort, wo rasch gesprochen wird, wie
9496 7997 15416 8368 am Anfange des Gloria. Die Silbe, bevor geathmet
3561 7983 9362 8368 bene observetur singulis Vocibus speciem illam li¬
9526 8294 15401 8606 wird, muss ruhig aufhören; es muss überhaupt das
3576 8279 9362 8635 bertatis et velleitatis præbet, qua istiusmodi cantio¬
3531 8606 15416 8962 nes delectare solent. Antequam respirent, Cantores Athmen so rasch und leicht erfolgen, als ob es nicht
9555 8888 15327 9244 geschähe, besonders bei Stellen, wie „voluntatis“
3531 8873 9422 9244 semper „piano“ canant; respiratio ita fiat, tanquam
9526 9184 15461 9511 wo die beiden a im Sepran nicht zusammengezogen,
3546 9155 9392 9526 non fiat, praesertim si melodia ita se habet, ut super
3576 9422 13695 9793 verbum „voluntatis“ in „Canto“, ubi notae ambae sondern zweimal angesungen werden
10045 9689 15446 10119 Im Originale steht immer der 9-Takt, statt des
3620 9748 9422 10238 „A“ („La“) haud confundi, sed unaquæque exprimi
9570 10030 15461 10401 1/4-Takt. Was als Solo à 2 bezeichnet ist, bezieht
3561 10015 4258 10475 debet.
9526 10312 15372 10638 sich auf Knabenstimmen. Von kräftigen Frauen¬
7953 10535 15461 10965 pro ¼. Ubi Stimmen genügt eine. Im Benedictus lässt sich,
4065 10460 7656 11009 In Originali invenitur tactus
9570 10935 15416 11262 wenn die ersten Takte taktirt sind und die Solisten
3635 10950 9407 11262 „Solo a 2“ legis voces puerorum intelliguntur; sed
9570 11187 15461 11529 den Geist des Stückes erfasst haben, der höchste
3591 11202 9362 11588 etiam una valida vox sufficit. Quoad „Benedictus
3650 11484 15505 11825 director, postquam priores tactus cantati sunt et Ausdruck der Andacht erreichen, wenn der Dirigent
3591 11811 15461 12182 cantores indolem melodiae bene apprehenderint, rythmi nicht weiter taktirt, sondern sie frei walten lässt.
3680 12078 15401 12449 percussionem omittat, unde fiet, ut cantores hoc Das war wenigstens mein Verfahren. Es ist nichts Sel-
3591 12360 15520 12701 arctiore vinculo rythmi soluti majore cum enthusiasmo tenes, dass jede der 4 Stimmen auf einem anderen
9585 12627 15505 12998 der 4 Taktschläge betont, als die andere; daher auch
3650 12686 9140 13131 cautionem absolvant. Meus quidem est mos iste.
9600 12953 15520 13443 das frisch pulsirende Leben, das solche Gesänge bei
4154 13176 12553 13591 Missa haec pro cantoribus sat idoneis cantatu richtiger Betonung zeigen.
3650 13428 9526 13858 facillima et amoenissima est, id quod experientia
10149 13413 15490 13888 Die Messe ist als eine für geschulte Sänger sehr
3695 13814 15490 14140 Ratisbonae, Biberaci etc. jam dudum et saepissime leicht ausführbare und sehr wirksame Composition,
9644 14125 15579 14452 durch die Chöre von Regensburg, Biberach etc. längst
3695 14125 9259 14585 docuit, teque, benevole lector, ut exopto docebit.
9644 14437 15565 14852 und viel erprobt. Möge dieselbe darum auch ander¬
4199 14496 7241 15105 Ratisbonae mense Octobris
9719 14719 14007 15105 wärts zahlreiche Aufführungen erleben
5445 14971 6039 15401 1869.
10134 15119 13710 15609 Regensburg, im October 1869.
6707 15876 9229 16470 Franciscus Witt.
13324 15876 15208 16470 Franz Witt.
9422 16959 10846 17627 Herrn
