28400 21383
2793 5380 8704 6169 Wenn irgend eine Composition aus
8833 5406 11963 6143 jener frühen Blüthe¬
12467 5483 19567 6130 regegewordenen zu beleben. Dass es dazu ge¬
19528 5354 22748 6259 gegenwärtig nicht aus.
1604 5871 11963 6712 zeit der Kirchenmusik zugleich durch ihre hohe Vortrefflichkeit
15144 5975 22891 6725 positionen nur eben aus der alten Notenschrift in
12480 6027 15079 6609 reiche, die Com=
1655 6492 11924 7009 werth ist, nicht übersehen zu werden, und durch den Ernst der
12480 6440 22748 7009 die neue zu übertragen, dass vielmehr eine vermittelnde Interpre¬
14782 6880 22865 7578 ässig und nothwendig, darüber haben wir uns in der
12493 6945 14756 7656 tation zweckm.
2431 6919 11924 7501 genheit, an welche sie sich anknüpft, geeignet erscheint, auch
1642 6958 2444 7708 Geleg
17019 7359 22826 8147 sse or-sus à coup von Lassus (Cöln
12532 7397 16877 8083 von uns herausgegebenen M
1629 7397 11911 8083 die Zerstreuung heutiger Tage zu fesseln, so ist es die Compo-
12480 7824 17278 8548 Heberle) näher ausgesprochen.
1629 7811 11963 8574 sition der Todtenmesse von Palästrina, welche ich in den folgenden
1629 8290 11975 9053 Blättern, vereint mit dem betreffenden Responsorium, von demselben
15648 8665 22852 9156 esse ist fünfstimmig gesetzt; zur heutigen Aus¬
13372 8548 15493 9182 Die Todtenn
1629 8898 11963 9467 Meister, in heutiger Schreibweise bearbeitet herausgebe. Das Re¬
17291 9079 22800 9648 pran, Alt, zwei Tenöre und Bass be=
13204 9079 17265 9635 ung werden am besten So
12506 9053 13243 9661 führt
1642 9182 11988 9958 quiem selbst wurde zuerst gedruckt im Jahre 1591 bei der dritten
12519 9609 22671 10049 nutzt; inzwischen erlaubt die niedrige Lage der beiden oberste
1642 9790 12001 10411 Auflage des bereits im Jahre 1554 herausgegebenen ersten liber
17291 9997 21765 10540 durch Alt, drei Tenöre un-
13010 9971 16127 10579 nmen auch die Auf
16243 10023 16864 10514 librus
21740 9971 22580 10527 d Bas
12519 9997 13049 10540 Stin
1604 10178 3168 10889 missarum.
3337 10100 11536 10915 ob auch um jene Zeit erst componirt, ist nicht gewiss;
12868 10437 22891 10993 Ter sie heute aufführen lassen will, muss zuerst mit Ernst in Geist
12532 10475 12790 10993 1
1642 10553 11975 11225 von dem Responsorium wissen wir, dass es der früheren Zeit
13101 10889 18713 11368 I Inhalt dieser vortrefflichen Compo-
18817 10876 20770 11471 dition einzudr.
21261 10889 22632 11432 en suche
12519 10902 13101 11445 und
1655 11018 11963 11782 Palästrina’s angehört, denn auf dem Originale, welches sich in den
19709 11329 22541 11950 gewohnten Einfachh
12557 11329 19619 11898 was bei der Entfernung der Jahrhunderte, der un-
1629 11523 11536 12208 Archive der basilica lateranense vorfand, stand das Jahr 1560
16295 11872 22748 12338 so ungewohnten Tiefe des wirklichen In
12855 11782 16295 12312 er Mittel und der eben
12545 11820 12932 12312 de
1681 11937 10954 12648 es ist die Zeit, wo Palästrina noch an jener Kirche als Kapell
11251 12131 11782 12648 lelste
12532 12338 19890 12790 haltes nicht von selbst und nicht auf einmal mö
19968 12208 22878 12803 lich ist. Was mich
1655 12493 11988 13062 fungirte und das Jahr, in welchem unter andern die lmproperien
18403 12700 20783 13256 fir in dieser Aus¬
21106 12687 21752 13230 le
22438 12700 22813 13269 ge-
12454 12790 18390 13256 betrifft, so habe ich durch die von mir
2341 12945 11988 13553 st aufgeführt wurden, welche von dort in die päpstliche Kapelle
1629 13062 2393 13424 zuer
20679 13114 22296 13773 en entsprec.
18623 13165 20226 13786 igen Gedanken
14536 13139 17769 13734 sszeichen den dem jede
12519 13165 14471 13747 fügten Vortra
1668 13308 9221 14032 herübergeholt, seitdem daselbst einheimisch gebli¬
9221 13424 12053 14058 lieben sind. Alfred
14213 13631 17394 14187 annähernd nachzuah-
20045 13553 22011 14174 d will nun a
18170 13605 19994 14174 gesucht, un
12506 13631 13941 14187 den Klar.
4384 13877 12014 14536 insorium in den ersten Band seiner Raccolta de
1655 13812 4358 14484 hat dieses Respo
12545 14083 22774 14614 dem in dieser Vorrede die einzelnen Theile kurz durchgehen, um di
5509 14368 7126 14950 genommen.
1655 14316 5419 14989 Musica Sacra (1841) auf
15700 14497 20175 15196 ponisten wenigstens im Allgem.
20524 14523 22645 15092 unzudeute.
12480 14497 15648 15144 Intentionen des Com-
2716 14497 11975 15390 Palästrina halten wir ohne Nebenbuhler für den Fürsten der
12687 15040 12971 15519 .
1642 15131 12040 15804 ächten Kirchenmusik: einen so heiligen Ernst, eine so tiefinnerliche
20977 15247 22257 15842 dem Res
18791 15286 20977 15829 se, wie bei
13476 15234 18118 15881 Die Motive beruhen bei der
1694 15674 12027 16269 Uebereinstimmung der Töne mit dem heiligen Worte, eine so hohe
13152 15713 18713 16360 um durchgehends auf den betreffes
19166 15739 22878 16360 en Melodieen des cantus
12570 15454 12932 16321 so
1681 16127 11963 16657 Poësie der Andacht haben wir bei keinem Andern irgend wiederge
21403 16217 22425 16761 der
20395 16230 21261 16786 ich nur
19838 16243 20071 16735 ic
12777 16179 19114 16748 regorianus. Bei dem Kyrie bedarf es ha-
1655 16579 11885 17213 funden. Nachdem er sich in seiner Jugend durch eisernen Fleiss un
18312 16670 20201 17226 ben und dem
15571 16670 17459 17265 lischen Bau  d
21558 16696 21998 17174 I.
12532 16683 14885 17265 sicht in den mu¬
1707 17123 11833 17679 unermüdetes Streben die vollkommenste Beherrschung der musikal
14937 17097 21390 17679 , um des rechten Eindruckes dieser in
12532 17148 14717 17705 der Ausfuhrung
1642 17498 12001 18144 schen Mittel seiner Zeit angeeignet, hat er wie ein Priester sein Leben
20213 17524 21558 18106 mache
21817 17575 22515 18080 ch k
19308 17627 19554 18170 des
14950 17588 16903 18183 führten Bitte ;
17045 17627 17291 18144 to
17562 17614 19050 18131 zurücken.
12519 17601 14665 18222 Ernste durch
1707 17912 12001 18597 hindurch der Kirche gedient. Seine Compositionen der Kriche wieder
18881 18028 19489 18519 en:
19670 18015 21171 18610 vie der
17058 18028 18869 18610 zu mache
12545 18067 16799 18623 um es beim Vortrage hörl
21571 18106 21765 18623 1
22076 18028 22774 18571 der
1655 18481 12014 19063 zugänglich zu machen, halten wir daher für das kräftigste Mittel der
17808 18455 19864 19063 gleich in der
20213 18481 21339 19075 Quarte
22412 18532 22697 19011 5,3
21740 18506 21946 18959 a
15467 18519 17756 19063 etceux
12583 18506 15351 19088 Thema beginnt, c
1655 19037 12014 19632 schlummernden Sinn für wahrhaft kirchliche Tonkunst zu wecken, der
15726 18946 21752 19619 ersten Tenor, von ihm in den zweiten u
12648 18946 15713 19632 wie es nun in den
