28783 21342
5613 1143 5899 1897 No
6548 1858 9004 2586 unctus. Eine Sti.
11524 1988 12668 2689 anderen
16410 1767 24400 2663 ausdrucksvoller Declamation hervorheben, worau
9420 1884 11550 2650 ne nach der
12889 2014 15929 2586 lintonirt auf dieselbe
24400 1975 25569 2728 f alsdan
25907 2001 26518 2689 zu
5574 2521 8237 3092 Weise und in re
8874 2482 9251 3053 5,2
9679 2534 12265 3092 er Folge den fro.
16397 2521 26713 3092 Dritten ganz für sich die Worte in nomine Domini in begeisterter
12304 2534 15409 3053 immen Ruf des „Heil“
5522 2936 8575 3547 immer dichter und
8523 2949 11823 3508 voller wird der Kla-
21061 3040 24517 3573 men (Tenor II., Alt, So
16423 3027 20762 3560 durch die verschiedenen Sti
12213 3001 13018 3560 im
13408 3014 15864 3560 mächtiger geht
24660 3014 26674 3586 pran, Tenor I.
5977 3391 7821 3963 - Wellenschl.
8185 3443 13863 3989 des heiligen Preises, bis auf kräftig
20528 3521 26752 4067 ianischer Declamation mit ungemeiner
5535 3430 5977 3963 der
16384 3443 19060 4002 durchwandernder
19359 3495 20424 3989 grego
13876 3482 15786 4054 ger und glän-
19073 3430 19307 3976 ,
5496 3950 15890 4456 zender Brücke des Akkordenwechsels diese fromme Introduction
16384 3898 24920 4404 Innigkeit und Fülle ausgebeutet und zu frommem Abschl
25335 3872 26778 4547 e geleitet.
6548 4365 15916 4820 erleitet zu dem von dem Tenor eben angekündigten, nun von
5548 4327 5990 4872 hin
16410 4339 26791 4950 werden. Da hat sich das Hosanna wieder hineingeschwungen mit
5990 4807 9511 5353 oberen Stimme von
9536 4859 15903 5431 rgetragenen Choralmelodie des Sanctus
16371 4859 26635 5405 seinem Preise, dem es auf gleiche Weise, wie vorher, seinen Lau
5522 5262 15370 5782 Dominus Deus Sabaoth. In breiten, ernsten Tönen schreitet
16397 5249 26778 5834 lässt, nur dass bei dieser Wiederholung der Einhalt des Preises an
15344 5288 15916 5821 sie,
5535 5665 8965 6236 ein Führer der Fröne
16397 5743 26193 6314 dem Choral des Tenores sich in noch gedehnterer, den from
9601 5704 15890 6236 keit, voran und die übrigen Stimmen
26180 5834 26791 6327 men
5925 6184 15916 6691 gehen sich dazu in selbstständigen ausdrucksvollsten, in reichster
16358 6171 26648 6756 Ausdruck des wirklichen Schlusses vorbereitenderer Weise aus
16384 6587 26765 7302 breitet und dadurch diesem Ende eines ganzen Theiles der Messe
6600 6600 8679 7211 inischer und in
5522 6613 6483 7198 rhythi
8679 6626 11927 7224 nitatorischer Entfaltung
12655 6613 15916 7211 stalteten Gängen, wie
5561 7068 6756 7588 in reich
6743 7107 14422 7601 nen umschreibenden Arabesken, bis sich der he
16397 7068 22555 7679 einen abschliessenden Ausgang bereitet.
14409 7094 15929 7640 begeisterte
5496 7588 15903 8081 Preis zu einem, von den ihr eigenes Thema kräftig verlängernden
17072 7198 26765 8237 Mit wunderbar milder Kunst sind in dem Agnus Dei, welches
5522 8003 15916 8549 tieferen Stimmen eingeführten, fest und abschliessend preisenden
16423 7977 26752 8601 gleich dem Kyrie, aus dreimaliger Bitte sich zusammensetzt, die
5509 8471 13720 8939 Dominus Deus Sabaoth vereinigt, welches man auf
16371 8458 26752 9030 Molve des Chorals zu einer reichen und sich jedesmal steigernden
13694 8471 15799 9056 dem Schluss
16345 8900 26726 9485 Schilderung der Bitte bearbeitet — es ist der kunstreiche Styl der
5509 8926 10407 9485 akkorde in einer der tieferen
10394 8926 15903 9472 stimmen noch, wie einen frommen
5496 9381 15877 9874 Nachhall der Begeisterung im innersten Gemüthe nachklingen hört
16358 9368 22984 9913 Niederländer, der unter der Hand des P
22997 9368 26726 10030 alästrina sich vergeistigt
5522 9783 15903 10329 Zugleich aber hat auch das pleni sunt coeli bereits begonnen, in
17852 9861 26752 10446 den strengen Formen dennoch, man möchte sagen, bei
16345 9809 17891 10407 so dass
5561 10277 6132 10836 welc
6548 10303 15955 10758 es bald alle Stimmen eingreifen; mit ernst preisenden Tönen
16539 10199 26674 10823 edem Tone, sowohl individueller Ausdruck wie Wohlklang abge
5522 10771 15903 11226 vorausschreitend führt es in aufsteigender Akkordenfolge zu dem
16747 10758 26752 11355 können wird. Denn während die verschiedenen Stimmen mit
16410 10784 16773 11252 we
6262 11213 13434 11732 „mel“, und nachdem daneben auch die Erde
16397 11213 26713 11784 demselben Motive einzeln einander folgen und sich in canonischen
13473 11200 15903 11784 bescheidentlich
5574 11602 8302 12200 genannt ist, hört
8276 11654 13278 12226 man von allen Seiten den freudi
16397 11680 26713 12278 Gängen (theilweisen und ganzen, wie die beiden Tenöre) ineinander
13369 11628 15877 12239 g lebendigen Ru
5704 12135 15890 12694 ;loria, gloria tua, dessen Ausdruck sich zwischen der Lebhaftigkeit
16358 12161 26635 12707 flechten, so bilden sie zusammen einen hell und durchsichtig begin
8237 12577 15448 13109 der begeisterten Auszeichnung des tua theilt
5522 12551 8289 13122 des gloriu und e
16358 12603 26713 13174 nenden, stätig und sanft anschwellenden allmälig immer voller und
5847 12992 14305 13525 ad diesem Allem ist in der Tenorstimme das gregorian
5522 12941 5769 13512 1
17059 13096 26752 13616 ger sich ausbreitenden Anruf Agnus Dei, in welchem das Agnuss
14500 13057 15916 13629 sche pleni
5509 13499 15877 14058 sunt coeli unterlegt, welches dem Ganzen die ernstere Haltung der
16319 13447 26661 14045 in allen Stimmen nacheinander durch langgezogene sanfte Decla
6496 13863 8692 14487 nigkeit sichert.
5509 13915 6301 14487 Fröm
8796 13954 15773 14500 Kaum ist dieser ernste Ton mit der begeister
16319 13915 24946 14487 mation, das Dei durch die ergreifende Leitung nach
24920 13915 26726 14578 F und die
5496 14331 15903 14941 ten Declamation des gloria tua zu Ende gesungen, so setzen die
16332 14435 26687 15006 reichen Gänge, namentlich der unteren Stimmen, ausgezeichnet wird
5470 14811 11433 15435 übrigen Stimmen mit gesteigerter L
16306 14863 26700 15435 Mit ernsterem Klange wird darauf von den vier unteren Stimmen
11927 14850 15903 15448 endigkeit das hosanna in
5470 15240 8705 15838 excelsis nacheinander
16306 15331 26713 15916 zu der Choralmelodie (Alt) das qui tollis angestimmt, durch das
9874 15331 15877 15825 und auch ihm wird der feierliche Ton-
8718 15318 9355 15786 ein
5496 15695 9770 16254 des Choralgesanges durch
9718 15734 15838 16358 den Tenor eingepflanzt und die Freu¬
16332 15799 25764 16358 Hinzutreten der obersten, die Choralmelodie aufnehmenden
25972 15838 26674 16384 imme
5470 16124 12278 16682 digkeit des Preises wird nach und nach auf
12499 16176 15825 16799 den gehaltenen Tönen
16332 16241 26713 16838 welcher nun die zunächst liegenden drei folgen, wird es wie von
5496 16630 11797 17358 des Chorales beruhigt und mit fromm ver
12070 16630 15591 17345 lingender Schlusswendung
16358 16604 26609 17254 einem zweiten, höheren Chore wiederholt, worauf sich alle Stim
5470 17033 6886 17657 besiegelt.
16319 17150 26726 17644 men wie im Chore zu gewichtigem, durch die Syncope des zweiten
6119 17241 15851 18151 Mit dem Motiv des Chorales beginnen wiederum die tieferen
16358 17579 26713 18125 Tenors noch nachdrücklicher gehobenem Ausdrucke voller und
5470 17956 6093 18527 Stin
6210 17943 10394 18605 men nacheinander das ben
10823 18021 15825 18540 dictus und leiten zu dem Sepran,
16319 18047 19710 18631 fester Zuversicht vere
21022 18021 26609 18644 — und mit anderem Tone, mit rühren
20138 18060 20632 18657 gen,
5457 18462 11252 19086 der die Choralmelodie anstimmt und
11368 18449 15851 19034 ganz durchführt, während die
16345 18540 26726 19047 der Bitteformel, welche die drei unteren Stimmen sich imitirend
5457 18826 7523 19476 übrigen Stimme
7523 18891 11303 19593 men nun noch ihrerseits
11264 18930 15695 19567 namentlich das qui venit me
16306 18969 26752 19502 immer wieder bringen und über welcher der Alt als oberste Stimme
