1848 2825
1083 279 1202 368 von
533 302 633 373 .
1546 290 1604 344 th
136 299 195 365 u.
1546 336 1614 378 .H
129 357 200 391 N°
374 399 1373 523 Société Royale de Zoologie d'Anvers
402 563 1352 655 DIMANCHE 16 JUILLET 1899
679 650 1076 731 à 8 heures du soir
742 737 1498 894 DE SymPHONIE
255 752 717 904 CONCERT
605 899 1152 978 par l’Orchestre de la Société
471 962 1286 1054 sous la direction de M. Edward KEURVLS
515 1120 1257 1215 PROGRAMME
689 1254 1084 1323 PREMIÈRE PARTIE
963 1349 1388 1451 P. Gilson
245 1370 846 1470 I. Fanfare inaugurale..
240 1452 1439 1559 2. Le Roi de Lahore (ouverture)... f. Massenet
247 1551 1433 1640 3. Faust (fantaisie). Ch. Gounod
252 1654 1431 1753 4. Czardas n° I G. Michiels
691 1791 1102 1867 DEUXIÈME PARTIE
249 1899 1470 1996 5. Marche du Sacre (opéra Le Prophète). G. Meyerbécr
249 2009 1541 2108 6. Oberon (ouverture) C. M. von Weber
247 2117 1427 2216 7. Lohengrin (transcription par J. Dupont). R. Wagner
249 2211 1460 2330 8. Wiener Blut (valse)... Joh. Strauss
253 2345 1540 2434 Avis : En cas de mauvais temps, les Concerts (tant d’Harmonie que de
389 2395 1038 2469 Symphonie) auront lieu dans la salle.
253 2475 1548 2548 On ne pourra retenir sous aucun prétexte des chaises ou des places non
394 2522 1225 2600 occupées, ni déplacer le mobilier des terrasses.
140 2561 200 2648 pr
474 2635 1323 2684 Imprimerie CL. TIIIBAUT rue Chapelle de Grâce, 7, Anvers.
136 2643 203 2703 7/8
