1907 2825
1540 279 1607 331 2
1081 282 1216 357 o
532 285 684 366 -
112 279 190 350 20
1545 324 1620 363 ./.
122 344 183 379 6.
363 392 1365 509 Société Royale de Zoologie d'Anvers
459 559 1292 652 JEUDI 20 JUILLET 1899
666 632 1065 717 à 8 heures du soir
741 752 1496 879 DE SymPAONIE
251 770 697 885 CONCERT
597 858 1221 939 par l'Orchestre de la Société
465 914 1266 1012 sous la direction de M. Edward KEURVLS
503 1064 1235 1164 PROGRA MME
674 1166 1067 1260 PREMIÈRE PARTIE
1133 1235 1458 1318 M. Iw. Glinka
238 1242 966 1355 I. Ouverture (Jota aragonese).
1140 1299 1404 1409 Jos. Wichtol
238 1326 644 1399 2. La Fête-Lihgo.
1417 1359 1482 1412 11
311 1365 1292 1435 (tableau symphonique sur des thèmes populaires lettes).
363 1409 1506 1472 Le saint bocage sur le cime du Mont-Blcu au clair de lune. Le calme de la
243 1451 1506 1503 nuit est interrompu par les sons des trompettes, qui convoquent, le peuple lette,, pour
246 1482 1514 1526 rendre hommage aux dieux. Le peuple salue les prêtres Percon, et Potrimpe, et, entoure
245 1506 1511 1556 l'autel de Lihgo, le dieu de l'amour et de l’abondance. Après, les sacrifice, commencent
250 1543 1519 1586 les réjouissances; le jeu et ta danse alteruent avec des chansous qui célébrent Lihgo.
250 1565 1552 1620 Les sons des trompettes annoncent alors la fin de la fête et le calme de ta nuit règne
1064 1595 1145 1639 5,5
250 1608 684 1670 de nouveau dans le lieu sacré.
1107 1621 1440 1717 Fréd. Chapin
243 1659 446 1728 3. Valse
1138 1684 1493 1800 P. Tschaïkowsky
245 1717 958 1790 4. Marche solennelle.
681 1787 1080 1871 DEUXIÈME PARTIE
1140 1851 1440 1937 Hect. Berlioz
243 1876 984 1954 5. Benvenuto Cellini (ouverture)
1128 1921 1517 1999 Cam. Saint-Saëns
248 1933 1039 2022 6. Le Déluge (prélude de l'oratorio)
383 1986 1158 2072 Le solo de violon par M. EDM. DE Hart¬
1171 2035 1485 2116 Jules Massenet
250 2057 752 2132 7. Scènes alsaciennes
1049 2095 1474 2160 töyttä
389 2108 746 2169 a) Dimanche matin.
1101 2142 1255 2198 ....
389 2151 665 2210 b) Au Cabaret.
392 2172 1034 2242 c) Sous les Tilleuls (scène d’amour).
1106 2187 1226 2234 ....
460 2176 1462 2289 Solistes : MM. Fk. VAN WESureECk (cello) et J. CoOTMANS clarinette).
389 2273 940 2349 d) Dimanche soir (la Retraite).
1158 2271 1218 2312 :
1153 2304 1352 2375 G. Bizet
253 2328 553 2399 8. Carnaval.
1347 2343 1505 2422 .8.11.
344 2343 1192 2451 (4e partie de la suite d'orchestre Roma)
258 2425 1535 2529 Demain, Vendredi, à 8 heures du soir, à l'occasion de la FÉTE NATIONALE,
396 2510 1336 2575 Concert extraordinaire, par l'orchestre de la société.
1265 2518 1417 2573 a
1565 2555 1628 2657 Touton
485 2573 1305 2675 Imprimerie CL. THIBAUT rue Chapelle de Grâce, 7. Anvers
149 2592 222 2670 7
