1930 2724
608 192 723 263 wv
178 197 273 289 rdo
1150 216 1283 274 -von
424 311 1434 425 Société Royale de Zoologie d'Anvers
449 473 1394 587 DIMANCHE 30 JUILLET 1899
725 579 1117 688 à 8 heures du soir
332 665 1096 844 CONCERT DE Sy
1104 687 1428 839 MPHON
1439 692 1523 831 Ab.
654 849 1196 931 par l’Orchestre de la Société
514 903 1315 1014 sous la direction de M. Edward KEURVLS
560 1091 1293 1199 „PROGRAGME *
731 1212 1118 1325 PREMIÈRE PARTIE
281 1310 1532 1424 I. Hymne à la Paix Alb. Stordiau
289 1424 1528 1532 2. Hamlet (fantaisie) Amb. Thomas
281 1523 1542 1613 3. Chanson russe.. S. Smith
281 1620 1553 1716 4. Ruy Blas (ouverture)..... F. Mendelssohn
720 1739 1117 1837 DEUXIÈME PARTIE
111 1856 244 1924 22
281 1846 1556 1921 5. Marche solennelle P. Tschaïkowsky
281 1938 1534 2026 6. Sakuntala (ouverture). C. Goldmark
278 2049 1518 2126 7. Fantaisie sur des motifs espagnols.... F. A. Gevaert
284 2151 1531 2230 8. Monte-Christo (valse)... Istvan Kotlar
282 2273 1555 2340 Avis : En cas de mauvais temps, les Concerts (tant d’Harmonie que de
422 2316 1058 2359 Symphonie) auront lieu dans la salle.
284 2381 1555 2433 On ne pourra retenir sous aucun prétexte des chaises ou des places non
425 2419 1237 2487 occupées, ni déplacer le mobilier des terrasses.
500 2524 1329 2606 Imprimerie CL. THIBAUT rue Chapelle de Grâce, 7, Anvers.
1586 1875 1715 1940 V
1588 2417 1650 2576 t
