1935 2638
298 233 1476 368 Société Royale de Zoologie d'Anvers
394 405 494 508 !3 3 8
569 419 1320 532 JEUDI 17 AOUT 1899
763 508 1155 596 à 8 heures du soir
296 580 1570 790 CONCERT DE SymPHONIE
682 779 1218 856 par l'Orchestre de la Société
543 848 1336 920 sous la direction de M. Edward REURVELS
577 1026 1310 1114 PROGRA MME
736 1119 1130 1224 PREMIÈRE PARTIE
285 1195 1450 1307 1. Marche du Sacre (opéra Le Prophète) G. Meyerbeer
284 1297 1426 1393 2. Mireille (ouverture de l'opéra)... Ch. Goumod
277 1375 1559 1489 3. Nuit de Printemps Fr.VanderStucken
277 1469 1492 1568 4 Der Trompeter von Sakkingen... Vict. E. Messler
363 1535 418 1583 :
449 1535 744 1603 (transcription)
373 1571 1402 1680 Solistes: MM. A. WILLENS et GuILL. DE SMEDT (trompettes).
708 1678 1109 1766 DEUXIÈME PARTIE
261 1764 928 1863 5. Marche héroïque
1092 1771 1508 1884 Cam. Saint Saens
260 1857 856 1935 6. Le Roi d'Ys (ouverture).
1109 1877 1313 1968 E. Lalo
355 1914 1257 1997 Le solo de violoncelle par M. FR. VAN WESENBECCK.
255 1973 1385 2118 7. La Colombe (entr’acte de l’opéra).. Ch, Gounod
260 2069 746 2161 8. Scènes pittoresques
1140 2105 1388 2191 J. Massenet
349 2134 880 2199 a) Marche; b) Ai r de ballet ;
359 2188 877 2255 c) Angelus; d) Fête bohême.
826 2239 907 2277 G.C.
244 2285 1517 2373 Avis : En cas de mauvais temps, les Concerts (tant d’Harmonie que de
381 2328 1020 2381 Symphonie) auront lieu dans la salle.
244 2376 1516 2451 On ne pourra retenir sous aucun prétexte des chaises ou des places non
378 2413 1202 2478 occupées, ni déplacer le mobilier des terrasses.
502 2488 1312 2555 Imprimerie CL. THIBAUT rue Chapelle de Gràce, 7, Anvers
