<?xml version="1.0" encoding="UTF-8" standalone="yes"?>
<PcGts xmlns="http://schema.primaresearch.org/PAGE/gts/pagecontent/2013-07-15" xmlns:xsi="http://www.w3.org/2001/XMLSchema-instance" xsi:schemaLocation="http://schema.primaresearch.org/PAGE/gts/pagecontent/2013-07-15 http://schema.primaresearch.org/PAGE/gts/pagecontent/2013-07-15/pagecontent.xsd">
    <Metadata>
        <Creator>prov=READ-COOP:name=TrHtr:version=2.18.1:model_id=51170:date=16_10_2024_01:15</Creator>
        <Created>2024-10-15T16:45:41.679+02:00</Created>
        <LastChange>2024-10-16T01:15:37.980+02:00</LastChange>
        <TranskribusMetadata docId="4643631" pageId="80341257" pageNr="16" tsid="193982824" status="IN_PROGRESS" userId="131016" imgUrl="https://files.transkribus.eu/Get?id=PIUWZSVZNTLDNQWQOLYWOQEJ&amp;fileType=view" xmlUrl="https://files.transkribus.eu/Get?id=EUOIQVETGBINKMMVAGZMWSDB" imageId="65802246"/>
    </Metadata>
    <Page imageFilename="0016_kca-srdda-cpr1900-030901108859-tx-00016.jpg" imageWidth="1789" imageHeight="2660">
        <ReadingOrder>
            <OrderedGroup id="ro_1757315783355" caption="Regions reading order">
                <RegionRefIndexed index="0" regionRef="tr_2"/>
                <RegionRefIndexed index="1" regionRef="tr_1"/>
            </OrderedGroup>
        </ReadingOrder>
        <TextRegion id="tr_2" custom="readingOrder {index:0;}">
            <Coords points="242,244 1435,244 1435,1172 242,1172"/>
            <TextLine id="tr_2_tl_1" custom="readingOrder {index:0;}">
                <Coords points="1081,311 1089,311 1097,305 1107,308 1120,302 1148,324 1171,322 1165,248 1154,245 1146,248 1135,240 1121,239 1098,259 1093,256 1076,259"/>
                <Baseline points="1088,294 1118,298 1148,300 1172,300"/>
                <TextEquiv>
                    <Unicode>28/8</Unicode>
                </TextEquiv>
            </TextLine>
            <TextLine id="tr_2_tl_2" custom="readingOrder {index:1;}">
                <Coords points="344,355 1333,361 1333,252 1205,271 1148,324 1022,248 776,279 344,262"/>
                <Baseline points="352,332 382,330 412,330 442,330 472,332 502,332 532,332 562,332 592,332 622,330 652,332 682,332 712,332 742,332 772,332 802,334 832,332 862,332 892,330 922,330 952,332 982,332 1012,332 1042,332 1072,334 1102,336 1132,336 1162,336 1192,336 1222,334 1252,334 1282,336 1312,334 1338,334"/>
                <TextEquiv>
                    <Unicode>Société Royale de Zoologie à Anvers</Unicode>
                </TextEquiv>
            </TextLine>
            <TextLine id="tr_2_tl_3" custom="readingOrder {index:2;}">
                <Coords points="414,493 446,517 863,493 965,516 1112,488 1267,519 1267,458 1143,417 957,449 856,429 796,457 711,421 613,454 414,438"/>
                <Baseline points="422,488 452,488 482,490 512,488 542,490 572,490 602,488 632,488 662,488 692,490 722,492 752,490 782,492 812,492 842,490 872,492 902,490 932,492 962,490 992,490 1022,490 1052,488 1082,490 1112,488 1142,490 1172,490 1202,492 1232,492 1262,494 1270,492"/>
                <TextEquiv>
                    <Unicode>DIMANCHE 20 AOUT 1899</Unicode>
                </TextEquiv>
            </TextLine>
            <TextLine id="tr_2_tl_4" custom="readingOrder {index:3;}">
                <Coords points="647,578 740,567 765,581 816,568 891,584 980,570 996,584 1038,584 1038,503 985,528 962,514 934,525 877,513 843,528 808,508 762,527 748,516 647,525"/>
                <Baseline points="656,554 686,560 716,560 746,560 776,560 806,560 836,562 866,562 896,562 926,562 956,562 986,562 1016,562 1042,562"/>
                <TextEquiv>
                    <Unicode>à 8 heures du soir</Unicode>
                </TextEquiv>
            </TextLine>
            <TextLine id="tr_2_tl_5" custom="readingOrder {index:4;}">
                <Coords points="234,737 491,764 708,723 745,753 906,733 1104,765 1171,723 1171,620 232,618"/>
                <Baseline points="242,710 272,718 302,720 332,720 362,720 392,724 422,726 452,726 482,726 512,726 542,728 572,728 602,732 632,732 662,732 692,732 722,730 740,726 740,726 754,728 784,728 814,728 844,726 874,728 904,730 934,730 964,726 994,728 1024,728 1054,730 1084,730 1114,728 1144,726 1175,726"/>
                <TextEquiv>
                    <Unicode>CONCERT DE Synd.</Unicode>
                </TextEquiv>
            </TextLine>
            <TextLine id="tr_2_tl_6" custom="readingOrder {index:5;}">
                <Coords points="1203,745 1239,737 1267,754 1287,743 1318,748 1332,740 1366,754 1375,746 1386,753 1403,739 1420,753 1434,748 1429,623 1310,624 1301,633 1264,626 1247,640 1230,627 1199,633"/>
                <Baseline points="1210,722 1242,722 1272,720 1302,720 1332,722 1362,726 1392,728 1422,728 1435,728"/>
                <TextEquiv>
                    <Unicode>IONIE</Unicode>
                </TextEquiv>
            </TextLine>
            <TextLine id="tr_2_tl_7" custom="readingOrder {index:6;}">
                <Coords points="570,839 866,825 1086,838 1106,835 1106,774 1064,790 1044,770 985,785 791,757 720,784 654,768 570,787"/>
                <Baseline points="578,826 600,824 630,824 660,822 690,822 720,824 750,824 780,824 810,824 840,824 870,826 900,824 930,824 960,826 990,826 1020,826 1050,826 1080,826 1110,824"/>
                <TextEquiv>
                    <Unicode>par l'Orchestre de la Société</Unicode>
                </TextEquiv>
            </TextLine>
            <TextLine id="tr_2_tl_8" custom="readingOrder {index:7;}">
                <Coords points="1129,855 1152,860 1160,856 1196,855 1205,863 1216,860 1225,849 1233,849 1231,777 1220,777 1208,787 1199,785 1183,798 1166,801 1151,818 1127,822"/>
                <Baseline points="1138,852 1168,854 1198,856 1228,854 1236,854"/>
                <TextEquiv>
                    <Unicode>2.°</Unicode>
                </TextEquiv>
            </TextLine>
            <TextLine id="tr_2_tl_9" custom="readingOrder {index:8;}">
                <Coords points="432,889 788,903 818,884 945,920 1233,901 1233,849 1143,858 1103,832 432,852"/>
                <Baseline points="440,878 470,880 500,880 530,880 560,882 590,882 620,882 650,882 680,882 710,882 740,882 770,882 800,884 830,884 860,884 890,884 920,884 950,884 980,884 1010,884 1040,884 1070,886 1100,884 1130,884 1160,884 1190,886 1220,886 1236,886"/>
                <TextEquiv>
                    <Unicode>sous la direction de M. Edward KEURVLS</Unicode>
                </TextEquiv>
            </TextLine>
            <TextLine id="tr_2_tl_10" custom="readingOrder {index:9;}">
                <Coords points="802,993 812,993 815,990 824,996 829,991 841,987 849,979 855,982 864,982 864,939 855,939 850,934 843,935 839,932 833,939 824,934 821,937 815,934 804,935"/>
                <Baseline points="812,968 838,966 868,966"/>
                <TextEquiv>
                    <Unicode>Lämpömit-</Unicode>
                </TextEquiv>
            </TextLine>
            <TextLine id="tr_2_tl_11" custom="readingOrder {index:10;}">
                <Coords points="480,1070 582,1093 691,1078 771,1104 816,1076 923,1095 1083,1075 1145,1097 1200,1073 1200,1022 1045,980 839,1025 750,997 658,1018 616,991 480,1028"/>
                <Baseline points="488,1054 518,1062 548,1062 578,1060 608,1060 638,1058 668,1056 698,1060 728,1060 758,1060 788,1062 818,1062 848,1064 878,1064 908,1066 938,1064 968,1066 998,1066 1028,1064 1058,1064 1088,1064 1118,1064 1148,1064 1178,1064 1204,1064"/>
                <TextEquiv>
                    <Unicode>PROGRA MME</Unicode>
                </TextEquiv>
            </TextLine>
            <TextLine id="tr_2_tl_12" custom="readingOrder {index:11;}">
                <Coords points="646,1166 743,1183 764,1165 813,1186 866,1168 909,1193 963,1166 1031,1166 1031,1124 1007,1129 948,1104 832,1120 765,1100 737,1112 708,1100 646,1123"/>
                <Baseline points="654,1156 684,1156 714,1156 744,1156 774,1156 804,1156 834,1156 864,1158 894,1158 924,1158 954,1158 984,1160 1014,1160 1036,1162"/>
                <TextEquiv>
                    <Unicode>PREMIÈRE PARTIE</Unicode>
                </TextEquiv>
            </TextLine>
        </TextRegion>
        <TextRegion id="tr_1" custom="readingOrder {index:1;}">
            <Coords points="212,1202 1470,1202 1470,2518 212,2518"/>
            <TextLine id="tr_1_tl_1" custom="readingOrder {index:0;}">
                <Coords points="208,1279 276,1256 454,1295 717,1265 951,1284 1081,1261 1081,1203 499,1230 208,1210"/>
                <Baseline points="216,1254 246,1254 276,1256 306,1254 336,1254 366,1252 396,1254 426,1252 456,1254 486,1254 516,1254 546,1254 576,1254 606,1254 636,1254 666,1254 696,1256 726,1258 756,1258 786,1258 816,1256 846,1256 876,1256 906,1258 936,1258 966,1256 996,1260 1026,1260 1056,1262 1084,1260"/>
                <TextEquiv>
                    <Unicode>1. La Muette de Portici (ouverture)</Unicode>
                </TextEquiv>
            </TextLine>
            <TextLine id="tr_1_tl_2" custom="readingOrder {index:1;}">
                <Coords points="1120,1276 1135,1279 1157,1265 1183,1265 1208,1279 1228,1268 1256,1275 1275,1267 1296,1279 1337,1268 1368,1278 1402,1273 1402,1216 1391,1213 1357,1217 1320,1199 1299,1210 1222,1202 1203,1213 1174,1197 1120,1213"/>
                <Baseline points="1128,1260 1158,1262 1188,1262 1218,1264 1248,1264 1278,1264 1308,1264 1338,1264 1368,1262 1398,1262 1406,1262"/>
                <TextEquiv>
                    <Unicode>Fr. A. Auber</Unicode>
                </TextEquiv>
            </TextLine>
            <TextLine id="tr_1_tl_3" custom="readingOrder {index:2;}">
                <Coords points="214,1351 331,1340 383,1368 468,1337 562,1366 616,1337 649,1369 728,1368 728,1318 635,1301 612,1281 593,1298 544,1278 513,1295 291,1290 262,1312 214,1299"/>
                <Baseline points="222,1328 252,1330 282,1328 312,1328 342,1328 372,1328 402,1330 432,1328 462,1328 492,1328 522,1328 552,1330 582,1330 612,1330 642,1330 672,1330 702,1330 732,1332"/>
                <TextEquiv>
                    <Unicode>2. Serenata napolitana</Unicode>
                </TextEquiv>
            </TextLine>
            <TextLine id="tr_1_tl_4" custom="readingOrder {index:3;}">
                <Coords points="841,1355 887,1343 937,1363 966,1338 1013,1337 1185,1344 1220,1363 1285,1344 1394,1358 1392,1276 1374,1272 1289,1275 1254,1295 1157,1265 1129,1285 1062,1278 974,1301 925,1329 841,1318"/>
                <Baseline points="850,1338 880,1336 910,1340 940,1338 970,1338 1000,1334 1030,1336 1060,1336 1090,1336 1120,1336 1150,1336 1180,1338 1210,1338 1240,1338 1270,1338 1300,1338 1330,1338 1360,1338 1390,1338 1396,1338"/>
                <TextEquiv>
                    <Unicode>E. Paladilhe</Unicode>
                </TextEquiv>
            </TextLine>
            <TextLine id="tr_1_tl_5" custom="readingOrder {index:4;}">
                <Coords points="1341,1433 1349,1433 1354,1426 1363,1422 1372,1429 1380,1429 1388,1422 1402,1422 1397,1355 1389,1355 1386,1358 1381,1355 1378,1360 1374,1358 1363,1371 1352,1363 1337,1361"/>
                <Baseline points="1346,1390 1376,1392 1404,1394"/>
                <TextEquiv>
                    <Unicode>5,7</Unicode>
                </TextEquiv>
            </TextLine>
            <TextLine id="tr_1_tl_6" custom="readingOrder {index:5;}">
                <Coords points="208,1423 1285,1436 1316,1352 208,1369"/>
                <Baseline points="216,1402 246,1402 276,1402 306,1402 336,1402 366,1402 396,1402 426,1402 456,1402 486,1404 516,1404 546,1404 576,1404 606,1404 636,1404 666,1404 696,1406 726,1406 756,1406 786,1406 816,1408 846,1408 876,1408 906,1408 936,1410 966,1412 996,1410 1026,1410 1056,1410 1086,1410 1116,1408 1146,1410 1176,1412 1206,1410 1236,1412 1266,1412 1296,1410 1320,1410"/>
                <TextEquiv>
                    <Unicode>3. Traviata (fantaisie sur l’opéra).... G. Verdi</Unicode>
                </TextEquiv>
            </TextLine>
            <TextLine id="tr_1_tl_7" custom="readingOrder {index:6;}">
                <Coords points="203,1505 256,1519 296,1488 367,1512 437,1484 534,1504 592,1487 716,1530 816,1491 940,1513 940,1433 685,1459 499,1431 379,1451 299,1426 271,1453 203,1451"/>
                <Baseline points="212,1480 242,1480 272,1480 302,1478 332,1478 362,1478 392,1478 422,1478 452,1480 482,1478 512,1480 542,1480 572,1480 602,1480 632,1480 662,1480 692,1480 722,1482 752,1482 782,1482 812,1482 842,1482 872,1482 902,1484 932,1486 944,1486"/>
                <TextEquiv>
                    <Unicode>4. Marche nuptiale de Lohengrin,</Unicode>
                </TextEquiv>
            </TextLine>
            <TextLine id="tr_1_tl_8" custom="readingOrder {index:7;}">
                <Coords points="1089,1507 1151,1491 1185,1504 1241,1502 1292,1524 1313,1507 1405,1518 1405,1431 1357,1440 1309,1425 1248,1437 1189,1429 1165,1443 1089,1431"/>
                <Baseline points="1098,1488 1128,1486 1158,1488 1188,1488 1218,1490 1248,1490 1278,1490 1308,1488 1338,1490 1368,1488 1398,1488 1408,1490"/>
                <TextEquiv>
                    <Unicode>Rich. Wagner</Unicode>
                </TextEquiv>
            </TextLine>
            <TextLine id="tr_1_tl_9" custom="readingOrder {index:8;}">
                <Coords points="643,1595 697,1606 722,1595 753,1608 770,1594 825,1592 847,1608 877,1594 908,1611 918,1601 957,1611 971,1598 993,1605 1031,1592 1031,1543 867,1524 821,1535 793,1516 764,1533 709,1526 675,1552 643,1544"/>
                <Baseline points="652,1580 682,1582 712,1582 742,1582 772,1582 802,1584 832,1584 862,1584 892,1582 922,1584 952,1584 982,1584 1012,1584 1036,1584"/>
                <TextEquiv>
                    <Unicode>DEUXIÈME PARTIE</Unicode>
                </TextEquiv>
            </TextLine>
            <TextLine id="tr_1_tl_10" custom="readingOrder {index:9;}">
                <Coords points="212,1691 1109,1702 1097,1592 982,1628 839,1605 369,1615 273,1649 211,1629"/>
                <Baseline points="220,1676 250,1676 280,1674 310,1674 340,1676 370,1678 400,1678 430,1678 460,1676 490,1678 520,1678 550,1680 580,1680 610,1682 640,1682 670,1682 700,1682 730,1682 760,1682 790,1682 820,1682 850,1684 880,1684 910,1684 940,1682 970,1684 1000,1684 1030,1684 1060,1686 1090,1686 1112,1686"/>
                <TextEquiv>
                    <Unicode>5. Saül (ouverture pour la tragédie d’Alfieri)</Unicode>
                </TextEquiv>
            </TextLine>
            <TextLine id="tr_1_tl_11" custom="readingOrder {index:10;}">
                <Coords points="1123,1705 1169,1699 1185,1707 1194,1697 1296,1704 1320,1694 1332,1704 1351,1696 1363,1708 1386,1701 1386,1622 1327,1617 1316,1608 1292,1622 1259,1595 1220,1597 1166,1625 1123,1614"/>
                <Baseline points="1132,1688 1150,1688 1180,1688 1210,1688 1240,1688 1270,1688 1300,1690 1330,1690 1360,1688 1390,1686"/>
                <TextEquiv>
                    <Unicode>Ant. Bazzini</Unicode>
                </TextEquiv>
            </TextLine>
            <TextLine id="tr_1_tl_12" custom="readingOrder {index:11;}">
                <Coords points="313,1725 1134,1741 1134,1701 1072,1696 313,1687"/>
                <Baseline points="322,1720 352,1722 382,1722 412,1722 442,1722 472,1724 502,1724 532,1724 562,1724 592,1726 622,1726 652,1726 682,1726 712,1726 742,1726 772,1726 802,1726 832,1726 862,1728 892,1728 922,1728 952,1728 982,1728 1012,1730 1042,1730 1072,1730 1102,1730 1132,1730 1138,1730"/>
                <TextEquiv>
                    <Unicode>L’auteur a voulu dépeindre le contraste entre les</Unicode>
                </TextEquiv>
            </TextLine>
            <TextLine id="tr_1_tl_13" custom="readingOrder {index:12;}">
                <Coords points="279,1766 1137,1772 1137,1742 1076,1732 279,1733"/>
                <Baseline points="288,1754 318,1754 348,1756 378,1756 408,1756 438,1756 468,1756 498,1754 528,1756 558,1758 588,1758 618,1758 648,1758 678,1758 708,1760 738,1760 768,1760 798,1760 828,1762 858,1762 888,1762 918,1762 948,1762 978,1762 1008,1762 1038,1764 1068,1764 1098,1764 1128,1764 1140,1762"/>
                <TextEquiv>
                    <Unicode>caractères de Säül et de David ; le premier plein</Unicode>
                </TextEquiv>
            </TextLine>
            <TextLine id="tr_1_tl_14" custom="readingOrder {index:13;}">
                <Coords points="285,1790 1137,1810 1118,1769 285,1766"/>
                <Baseline points="294,1788 324,1788 354,1788 384,1788 414,1788 444,1790 474,1790 504,1788 534,1790 564,1790 594,1792 624,1792 654,1790 684,1792 714,1792 744,1792 774,1792 804,1794 834,1794 864,1794 894,1794 924,1796 954,1796 984,1794 1014,1796 1044,1796 1074,1796 1104,1798 1134,1800 1140,1800"/>
                <TextEquiv>
                    <Unicode>d’orgueil, de colère et de despotisme, le second,</Unicode>
                </TextEquiv>
            </TextLine>
            <TextLine id="tr_1_tl_15" custom="readingOrder {index:14;}">
                <Coords points="280,1840 401,1823 824,1835 822,1806 776,1798 279,1800"/>
                <Baseline points="288,1816 316,1822 346,1820 376,1822 406,1822 436,1822 466,1822 496,1822 526,1822 556,1824 586,1824 616,1824 646,1824 676,1824 706,1824 736,1824 766,1826 796,1826 826,1826 828,1826"/>
                <TextEquiv>
                    <Unicode>fait de douceur et de générosité.</Unicode>
                </TextEquiv>
            </TextLine>
            <TextLine id="tr_1_tl_16" custom="readingOrder {index:15;}">
                <Coords points="311,1858 844,1865 954,1894 1005,1869 1134,1871 1134,1837 1033,1823 311,1829"/>
                <Baseline points="320,1854 350,1854 380,1856 410,1856 440,1856 470,1856 500,1856 530,1856 560,1856 590,1856 620,1856 650,1858 680,1858 710,1856 740,1858 770,1860 800,1860 830,1860 860,1860 890,1860 920,1860 950,1862 980,1862 1010,1862 1040,1862 1070,1862 1100,1862 1130,1864 1138,1864"/>
                <TextEquiv>
                    <Unicode>Le final de l’œuvre représente la mort de Saül et</Unicode>
                </TextEquiv>
            </TextLine>
            <TextLine id="tr_1_tl_17" custom="readingOrder {index:16;}">
                <Coords points="282,1903 841,1897 872,1911 900,1897 900,1872 358,1868 280,1846"/>
                <Baseline points="290,1888 320,1886 350,1888 380,1888 410,1888 440,1890 470,1888 500,1890 530,1890 560,1890 590,1890 620,1890 650,1890 680,1890 710,1890 740,1892 770,1892 800,1892 830,1892 860,1894 890,1894 904,1892"/>
                <TextEquiv>
                    <Unicode>l’irruption victorieuse des Philistins.</Unicode>
                </TextEquiv>
            </TextLine>
            <TextLine id="tr_1_tl_18" custom="readingOrder {index:17;}">
                <Coords points="217,1979 282,1958 302,1976 911,1985 943,1972 942,1911 793,1903 751,1936 683,1937 424,1896 215,1916"/>
                <Baseline points="226,1954 256,1956 286,1956 316,1956 346,1956 376,1956 406,1958 436,1956 466,1958 496,1958 526,1958 556,1958 586,1960 616,1960 646,1960 676,1962 706,1960 736,1962 766,1964 796,1964 826,1964 856,1964 886,1966 916,1966 946,1966"/>
                <TextEquiv>
                    <Unicode>6. Mon cœur soupire.. (romance)</Unicode>
                </TextEquiv>
            </TextLine>
            <TextLine id="tr_1_tl_19" custom="readingOrder {index:18;}">
                <Coords points="1129,1999 1180,2016 1206,2003 1241,2015 1268,1998 1293,2012 1355,2004 1380,2015 1426,2012 1426,1891 1381,1894 1355,1880 1282,1907 1256,1896 1200,1911 1129,1902"/>
                <Baseline points="1138,1968 1168,1968 1198,1968 1228,1970 1258,1970 1288,1970 1318,1970 1348,1970 1378,1968 1408,1968 1430,1968"/>
                <TextEquiv>
                    <Unicode>W. A. Mozart</Unicode>
                </TextEquiv>
            </TextLine>
            <TextLine id="tr_1_tl_20" custom="readingOrder {index:19;}">
                <Coords points="217,2041 804,2060 839,2054 838,1989 784,1982 737,2006 681,1990 626,2010 423,1973 350,2009 215,1996"/>
                <Baseline points="224,2034 254,2034 284,2032 314,2032 344,2032 374,2032 404,2032 434,2032 464,2032 494,2034 524,2034 554,2034 584,2034 614,2034 644,2034 674,2034 704,2036 734,2038 764,2038 794,2040 824,2038 844,2042"/>
                <TextEquiv>
                    <Unicode>7. Le Cid (ballet de l’opéra)</Unicode>
                </TextEquiv>
            </TextLine>
            <TextLine id="tr_1_tl_21" custom="readingOrder {index:20;}">
                <Coords points="1134,2061 1176,2052 1191,2066 1203,2061 1210,2068 1264,2054 1296,2064 1326,2057 1372,2064 1372,2004 1290,2018 1264,2012 1256,2018 1211,2004 1180,2018 1134,2003"/>
                <Baseline points="1142,2048 1164,2046 1194,2044 1224,2044 1254,2044 1284,2044 1314,2044 1344,2042 1374,2042"/>
                <TextEquiv>
                    <Unicode>7. Massenet</Unicode>
                </TextEquiv>
            </TextLine>
            <TextLine id="tr_1_tl_22" custom="readingOrder {index:21;}">
                <Coords points="280,2085 1061,2097 1059,2058 920,2064 875,2041 802,2068 618,2043 279,2051"/>
                <Baseline points="288,2074 318,2076 348,2076 378,2078 408,2076 438,2076 468,2078 498,2078 528,2080 558,2080 588,2080 618,2080 648,2080 678,2082 708,2082 738,2080 768,2082 798,2082 828,2084 858,2084 888,2084 918,2084 948,2086 978,2086 1008,2086 1038,2086 1064,2086"/>
                <TextEquiv>
                    <Unicode>a) Castillane ; b) Andalouse ; c) Aragonaise :</Unicode>
                </TextEquiv>
            </TextLine>
            <TextLine id="tr_1_tl_23" custom="readingOrder {index:22;}">
                <Coords points="280,2123 508,2112 592,2140 970,2137 968,2092 279,2085"/>
                <Baseline points="288,2108 318,2110 348,2110 378,2110 408,2110 438,2110 468,2110 498,2110 528,2110 558,2112 588,2112 618,2114 648,2114 678,2114 708,2114 738,2114 768,2116 798,2116 828,2116 858,2116 888,2116 918,2118 948,2118 974,2118"/>
                <TextEquiv>
                    <Unicode>d’Aubade ; e) Catalane ; f) Madrilène :</Unicode>
                </TextEquiv>
            </TextLine>
            <TextLine id="tr_1_tl_24" custom="readingOrder {index:23;}">
                <Coords points="279,2153 324,2161 336,2148 369,2156 400,2147 468,2159 493,2148 517,2167 536,2162 536,2123 508,2112 452,2122 336,2112 314,2123 304,2117 279,2123"/>
                <Baseline points="288,2146 318,2146 348,2144 378,2142 408,2142 438,2144 468,2144 498,2144 528,2144 540,2146"/>
                <TextEquiv>
                    <Unicode>g) Navarraise.</Unicode>
                </TextEquiv>
            </TextLine>
            <TextLine id="tr_1_tl_25" custom="readingOrder {index:24;}">
                <Coords points="217,2222 259,2232 369,2219 483,2252 513,2238 531,2250 554,2238 626,2247 624,2176 595,2164 573,2174 497,2164 479,2182 434,2170 406,2187 280,2154 254,2170 215,2168"/>
                <Baseline points="226,2212 256,2214 286,2210 316,2212 346,2212 376,2212 406,2212 436,2212 466,2214 496,2214 526,2214 556,2214 586,2216 616,2218 630,2218"/>
                <TextEquiv>
                    <Unicode>8. Florencia (valse)</Unicode>
                </TextEquiv>
            </TextLine>
            <TextLine id="tr_1_tl_26" custom="readingOrder {index:25;}">
                <Coords points="1078,2249 1104,2236 1230,2246 1279,2230 1313,2243 1341,2230 1467,2236 1467,2147 1386,2136 1351,2151 1329,2145 1312,2161 1261,2147 1182,2162 1140,2147 1078,2174"/>
                <Baseline points="1086,2224 1116,2224 1146,2224 1176,2224 1206,2222 1236,2224 1266,2224 1296,2224 1326,2224 1356,2224 1386,2224 1416,2224 1446,2224 1470,2226"/>
                <TextEquiv>
                    <Unicode>Gerald W. Lane</Unicode>
                </TextEquiv>
            </TextLine>
            <TextLine id="tr_1_tl_27" custom="readingOrder {index:26;}">
                <Coords points="929,2238 946,2238 956,2244 963,2243 966,2239 973,2246 976,2244 990,2249 1005,2249 1004,2198 993,2198 982,2188 974,2190 970,2195 962,2187 954,2196 946,2196 942,2201 928,2202"/>
                <Baseline points="936,2224 966,2228 996,2226 1006,2228"/>
                <TextEquiv>
                    <Unicode>..</Unicode>
                </TextEquiv>
            </TextLine>
            <TextLine id="tr_1_tl_28" custom="readingOrder {index:27;}">
                <Coords points="214,2323 1104,2322 1400,2363 1448,2357 1447,2247 212,2263"/>
                <Baseline points="222,2312 252,2312 282,2310 312,2310 342,2312 372,2312 402,2312 432,2312 462,2312 492,2312 522,2312 552,2312 582,2312 612,2312 642,2314 672,2314 702,2316 732,2316 762,2316 792,2318 822,2318 852,2318 882,2318 912,2320 942,2320 972,2320 1002,2320 1032,2322 1062,2322 1092,2322 1122,2320 1152,2320 1182,2320 1212,2320 1242,2320 1272,2320 1302,2320 1332,2320 1362,2322 1392,2324 1422,2322 1452,2326"/>
                <TextEquiv>
                    <Unicode>Avis : En cas de mauvais temps, les Concerts (tant d’Harmonie que de</Unicode>
                </TextEquiv>
            </TextLine>
            <TextLine id="tr_1_tl_29" custom="readingOrder {index:28;}">
                <Coords points="345,2370 623,2359 709,2382 753,2365 973,2366 971,2331 918,2326 344,2320"/>
                <Baseline points="352,2352 382,2352 412,2354 442,2352 472,2352 502,2352 532,2352 562,2354 592,2354 622,2356 652,2356 682,2356 712,2358 742,2358 772,2358 802,2358 832,2360 862,2360 892,2360 922,2360 952,2360 976,2360"/>
                <TextEquiv>
                    <Unicode>Symphonie) auront lieu dans la salle.</Unicode>
                </TextEquiv>
            </TextLine>
            <TextLine id="tr_1_tl_30" custom="readingOrder {index:29;}">
                <Coords points="217,2424 1462,2428 1462,2377 1295,2349 771,2388 217,2360"/>
                <Baseline points="226,2400 256,2402 286,2402 316,2400 346,2400 376,2402 406,2402 436,2400 466,2402 496,2402 526,2402 556,2402 586,2402 616,2404 646,2404 676,2404 706,2404 736,2406 766,2406 796,2406 826,2408 856,2406 886,2408 916,2408 946,2408 976,2410 1006,2410 1036,2410 1066,2410 1096,2410 1126,2412 1156,2410 1186,2410 1216,2410 1246,2410 1276,2412 1306,2412 1336,2412 1366,2414 1396,2414 1426,2414 1456,2416 1464,2418"/>
                <TextEquiv>
                    <Unicode>On ne pourra retenir sous aucun prétexte des chaises ou des places non</Unicode>
                </TextEquiv>
            </TextLine>
            <TextLine id="tr_1_tl_31" custom="readingOrder {index:30;}">
                <Coords points="347,2449 1146,2463 1146,2413 347,2421"/>
                <Baseline points="356,2442 386,2444 416,2442 446,2442 476,2442 506,2444 536,2444 566,2444 596,2444 626,2444 656,2446 686,2446 716,2446 746,2448 776,2448 806,2448 836,2448 866,2448 896,2448 926,2450 956,2450 986,2450 1016,2450 1046,2452 1076,2450 1106,2452 1136,2450 1150,2450"/>
                <TextEquiv>
                    <Unicode>occupées, ni déplacer le mobilier des terrasses.</Unicode>
                </TextEquiv>
            </TextLine>
            <TextLine id="tr_1_tl_32" custom="readingOrder {index:31;}">
                <Coords points="468,2501 528,2526 561,2504 976,2534 1261,2515 1242,2441 1124,2466 468,2453"/>
                <Baseline points="476,2498 506,2498 536,2498 566,2498 596,2498 626,2500 656,2500 686,2500 716,2502 746,2502 776,2502 806,2504 836,2502 866,2504 896,2504 926,2506 956,2504 986,2506 1016,2506 1046,2506 1076,2504 1106,2506 1136,2506 1166,2508 1196,2506 1226,2506 1256,2506 1264,2506"/>
                <TextEquiv>
                    <Unicode>Imprimerie CL.THIBAUT rue Chapelle de Grâce, 7, Anvers</Unicode>
                </TextEquiv>
            </TextLine>
        </TextRegion>
    </Page>
</PcGts>
