1967 2674
460 250 1441 365 Société Royale de Zoologie d'Anvers
576 421 1297 514 JEUDI 24 AOUT 1899
750 497 1140 595 à 8 heures du soir
318 601 1390 757 CONCERT DE SyMPHO
1439 636 1565 770 IE
669 751 1202 865 par l’Orchestre de la Société
528 814 1328 919 sous la direction de M. Edward KEURVLS
879 916 985 996 TJ-L
563 979 1298 1089 PROGRA MME
729 1086 1124 1202 PREMIÈRE PARTIE
296 1167 1502 1284 I. Feestmarsch J. Huybrechts
291 1254 1461 1355 2. Agneessens (ouverture)....... H. Waelput
289 1330 803 1428 3. A) Valse joyeuse
1029 1342 1515 1439 Em. Wambach
343 1406 1505 1507 B) Parisina (introduction du 2e acte).. Edw. Keurvels
417 1458 1180 1520 Rève d'amour sur le lac de Lugano.
289 1510 1078 1605 4. Milenka (fragments du ballet)
1208 1512 1437 1622 Jan Blockx
389 1578 1037 1640 a) Kermesse ; b) Danses des sabots ;
386 1640 1175 1703 c) Entrée des Etudiants; d) Scène d'amour;
383 1663 808 1736 e) Entrée des Zingares.
716 1719 1112 1848 DEUXIÈME PARTIE
289 1807 1474 1935 5. Marche aux Flambeaux n° 3.... G. Meyerbeer
281 1909 1546 2003 6. Obéron (ouverture) C M. von Weber
280 1997 1548 2086 7. Adagio de la 8° sonate pour le piano. L. Van Beethoven
410 2057 1052 2117 Orchestré par Edw. Keurvels.
281 2113 1483 2207 8. Die Meistersinger von Nürnberg... Rich. Wagner
416 2182 606 2253 (prélude)
272 2282 1539 2350 Avis : En cas de mauvais temps, les Concerts (tant d’Harmonie que de
410 2323 1042 2372 Symphonie) auront lieu dans la salle.
272 2369 1540 2441 On ne pourra retenir sous aucun prétexte des chaises ou des places non
408 2411 1222 2468 occupées, ni déplacer le mobilier des terrasses.
530 2471 1331 2538 Imprimerie CL. THIBAUT rue Chapelle de Gràce, 7, Anvers
