1880 2697
333 299 1334 423 Société Royale de Zoologie d'Anvers
396 479 1262 572 DIMANCHE 27 AOUT 1899
646 563 1026 650 à 8 heures du soir
220 650 1453 803 CONCERT DE SymPHONIE
561 812 1105 894 par l'Orchestra de la Société
420 881 1227 949 sous la direction de M. Edward REURVLS
470 1040 1197 1155 PROGRA MME
636 1158 1029 1243 PREMIÈRE PARTIE
201 1240 1348 1347 I. Marche roumaine.. L. Ganne
200 1353 1369 1453 2. Festouverture. A. Leutner
201 1438 639 1524 3. A) Intermezzo.
955 1453 1394 1571 ... I. Compaens
332 1474 952 1581 (du drame lyrique Louis XI).
256 1590 792 1677 B) Gavotte Joséphine
1001 1579 1413 1677 Eug. Dierckx
203 1659 1422 1750 4. Les Huguenots (fantaisie) G. Meyerbeer
635 1774 1034 1873 DEUXIÈME PARTIE
206 1857 1468 1956 5. Marche du couronnement P. Tschaikowsky
204 1977 1391 2060 6. Isa (ouverture de l’opéra)..... Peter Benoit
207 2057 1466 2184 7. Une fête à Aranjuez (santaisie espagnole) G Demersmann
305 2118 1010 2193 Le solo de violon par M. EDM. DE Hart.
206 2176 698 2278 8. Fatinitza-Walzer.
888 2190 1424 2281 Fr. von Suppé
207 2310 1464 2399 Avis : En cas de mauvais temps, les Concerts (tant d'Harmonie que de
338 2365 965 2434 Symphonie) auront lieu dans la salle.
206 2417 1463 2487 On ne pourra retenir sous aucun prétexte des chaises ou des places non
335 2470 1142 2516 occupées, ni déplacer le mobilier des terrasses.
456 2501 1260 2597 Imprimerie CL. THIRAUT rue Chapelle de Gràce, 7. Anvers
