1770 2647
342 231 1018 347 Société Royale de Zoolog.
1012 232 1330 356 gie d’Anvers
457 404 1173 492 JEUDI 31 AOUT 1899
643 479 1026 578 à 8 heures du soir
213 563 1458 748 CONCERT DE SymPHONIE
554 703 1101 778 par l’Orchestre de la Société
426 772 1228 848 sous la direction de M. Edward KEURVLS
457 925 1195 1034 PROGRA MME
627 1034 1023 1125 PREMIÈRE PARTIE
191 1092 1418 1208 I. Loreley (ouverture) W. V. Wallace
188 1198 808 1273 2. Trois danses anciennes
904 1200 1405 1287 Henry Purcell
286 1255 1017 1341 a) Allemande ; b) Sarabande ; c) Cebell.
191 1311 1400 1402 3. Largo G. Fr. Händel
191 1381 1375 1470 4. Frascati-Valse... Henry Litolff
185 1464 835 1545 5. Maximilien Robespierre
958 1475 1373 1553 Henry Litolff
272 1528 1281 1615 (ouverture pour la tragédie de R. Griepenkerl).
622 1614 1014 1711 DEUXIÈME PARTIE
185 1701 1392 1797 6. Les Francs-Juges (ouverture).... Heclor Berlioz
189 1768 520 1860 7. Villanelle.
907 1774 1306 1900 A. Flégier
290 1832 866 1910 (Hautbois solo : M. K. RoviES).
181 1881 1459 1980 8. Henry VIII (ballet de l'opéra)... Cam. Saint-Saëns
285 1957 948 2030 a)introduction. — Entrée des Clans.
285 2003 633 2062 b) Idylle écossaise
285 2045 635 2100 c) Pas de la Gipsy
288 2088 625 2145 d) Gigue et Final.
183 2121 636 2233 8. Espanna (rapsodie).
672 2110 1410 2236 Emm. Chabrier
186 2266 1454 2317 Avis : En cas de mauvais temps, les Concerts (tant d’Harmonie que de
323 2303 952 2358 Symphonie) auront lieu dans la salle.
183 2341 1454 2411 On ne pourra retenir sous aucun prétexte des chaises ou des places non
323 2396 1138 2436 occupées, ni déplacer le mobilier des terrasses.
272 2430 329 2481 Von
442 2458 1246 2544 Imprimerie CL. THIBAUT rue Chapelle de Grâce, 7, Anvers
