1679 2715
280 244 1273 375 Société Royale de Zoologie d'Anvers
266 470 1291 553 DIMANCHE 3 SEPTEMBRE 1899
586 556 971 632 à 8 heures du soir
149 641 1373 801 CONCERT DE SymPHONIE
507 809 1048 896 par l'Orchestre de la Société
369 877 1174 957 sous la direction de M. Edward REURVELS
405 1026 1134 1151 PROGRAGME
570 1167 971 1256 PREMIÈRE PARTIE
135 1251 786 1349 I. Marche du Galoubet
866 1277 1397 1373 e... Rod. Berger
128 1345 1391 1441 2. La Sirène (ouverture) D. Fr. Auber
127 1427 1345 1498 3. Stabat Mater (Cujus animam...)....... G. Rossini
133 1512 1372 1601 4. Le Tribut de Kamora (fantaisie sur l’opéra). Ch. Gounod
569 1614 958 1710 DEUXIÈME PARTIE
124 1737 1368 1805 5. Marche héroïque H. Waelpnt
124 1809 1324 1910 6. Rapsodie N° II... Fr. Liszt
127 1897 1391 1981 7. Mazurka......... Peter Benoit
119 1986 1389 2045 8. Coppelia (suite d’orchestre extraite du ballet) Léo Delisbes
255 2035 649 2086 a) Thème slave varié.
260 2079 781 2130 b) Fête et Valse des Heures.
258 2121 896 2189 c) Musique des Automates et Valse
253 2165 467 2232 d) Czardas.
114 2265 1376 2309 Avis : En cas de mauvais temps, les Concerts (tant d’Harmonie que de
250 2303 887 2353 Symphonie) auront lieu dans la salle.
122 2342 1368 2409 On ne pourra retenir sous aucun prétexte des chaises ou des places non
257 2395 1063 2441 occupées, ni déplacer le mobilier des terrasses.
377 2456 1169 2518 Imprimerie CL. THIBAUT rue Chapelle de Gràce, 7, Anvers
