1789 2756
363 267 1364 393 Société Royale de Zoologie d'Anvers
415 453 1314 563 JEUDI 7 SEPTEMBRE 1899
677 570 1056 644 à 8 heures du soir
266 668 764 822 CONCERT I
757 668 1480 850 DE SymPHONIE
589 848 1130 940 par l’Orchestre de la Société
464 941 1252 1013 sous la direction de M. Edward REURVLS
495 1106 1227 1205 PROGRA MME *
668 1210 1056 1290 PREMIÈRE PARTIE
229 1301 1494 1392 a. Ouverture de Concert Alcx. Stadtfeld.
225 1381 1122 1490 2. Fantaisie sur des airs populaires de tous
352 1482 492 1565 pays.
911 1480 1507 1592 K. L. Hanssens.
223 1568 599 1639 3. Rêverie
866 1551 1398 1650 H. Campo.
429 1618 993 1710 ( violon-solo M. Edm. De Herdt).
228 1692 1482 1810 4 joyeux cortège L. Mortelmans.
661 1799 1048 1890 DEUXIÈME PARTIE
1347 1796 1402 1895 3
231 1884 1444 1972 5. Fierrabras (ouverture de l’opéra) Fr. Schubert.
225 1989 738 2068 6. Humoreske.
973 1970 1482 2057 E. Humperdink
759 2006 925 2071 * *
237 2085 1442 2143 7. Danse bohémienne G. Meyerbeer
228 2153 1463 2241 S. Lohengrin (transcription de Jos. Dupont) Rich. Wagner.
831 2220 957 2266 ou moins
228 2291 1488 2343 Avis : En cas de mauvais temps, les Concerts (tant d'Harmonie que de
366 2327 990 2380 Symphonie) auront lieu dans la salle.
231 2376 1482 2439 On ne pourra retenir sous aucun prétexte des chaises ou des places non
363 2421 1174 2465 occupées, ni déplacer le mobilier des terrasses.
484 2481 1282 2545 Imprmerie CL.TIIBAUT rue Chapelle de Gràce,7, Anvers
