1716 2756
291 222 1298 365 Société Royale de Zoologie d'Anvers
252 426 1324 511 DIMANCHE 10 SEPTEMBRE 1899
592 502 985 606 à 8 heures du soir
150 606 935 766 CONCERT DE ST
943 622 1402 784 MPHONIE
510 768 1065 875 par l’Orchestre de la Société
376 855 1182 955 sous la direction de M. Edward KEURVLS
419 1015 1149 1149 PROGglahme
582 1136 977 1261 PREMIÈRE PARTIE
150 1212 1336 1338 I. Marche. F. von Suppé
142 1320 1353 1413 2. Le Château Trompette (ouverture)... F. A. Gevaert
143 1397 1284 1505 3. Le Siège de Corinthe (transcription).. G. Rossini
143 1484 1308 1588 4. Czardas n° I...... G, Michiels
581 1583 971 1674 DEUXIÈME PARTIE
145 1671 1407 1775 5. Euryanthe (ouverture) C. M. von Weber
140 1780 471 1857 6. Nocturne
1006 1763 1360 1885 Fr.'Chopin
343 1813 1092 1911 Le solo de violon par M. Edm. De Herdt.
1294 1903 1405 1967 1.°
145 1890 908 1980 7. Milenka (fragments du ballet)
1004 1879 1268 2011 J. Blockx
1138 1966 1191 2002 2.
239 1958 884 2024 a) Kermesse ; b) Danse des sabots
1138 1996 1209 2044 2.
239 1996 1040 2082 c) Entrée des Etudiants ; d) Scène d’amour ;
241 2049 664 2107 e) Entrée des Zingaris.
135 2095 1322 2191 8. Lust'ge G'schichten (valse).... Joh. Strauss
143 2195 263 2247 n
140 2239 1401 2296 Avis: En cas de mauvais temps, les Concerts (tant d'Harmonie que de
195 2288 902 2343 Symphonie) auront lieu dans la salle.
1048 2298 1183 2343 N:o II 4:
140 2332 1402 2384 On ne pourra retenir sous aucun prétexte des chaises ou des places non
277 2375 1086 2419 occupées, ni déplacer le mobilier des terrasses.
384 2436 1202 2494 Imprimerie CL. THIBAUT rue Chapelle de Grâce, 7, Anvers
