1903 2756
869 281 1438 405 e Zoologie d'Anvers
443 297 874 421 Société Royale d
473 488 1425 567 JEUDI 14 SEPTEMBRE 1899
753 577 1138 664 à 8 heures du soir
1152 664 1443 836 APHON
365 658 1096 833 CONCERT DE ST
675 839 1222 925 par l’Orchestre de la Société
542 907 1344 1017 sous la direction de M. Edward REURVLS
585 1077 1315 1185 & PROGRAGME.
755 1214 1150 1298 PREMIÈRE PARTIE
321 1287 1590 1412 1 Marche de la Reine.... Em. von Brucke-Fock
327 1397 1400 1493 2. Ouverture de Concert.... Fr. J. Fétis
329 1492 1427 1576 3. A) Menuet......... L. Boccherini
380 1560 1471 1673 B) Ai de danse bohémien... Alex. Stadtfeld
330 1665 1447 1783 4. Carnaval in Paris....... Joh. Svendsen
759 1794 1157 1878 DEUXIÈME PARTIE
327 1900 1398 1995 5. Festmarsch. Ed. Lassen
329 1980 1451 2072 6. Tannhäuser-Ouverture,... Rich. Wagner
337 2070 1479 2153 J. Trois danses espagnoles.... M. Moszkowski
334 2161 1373 2262 3. Rapsodie norvégienne. Ed. Lalo
332 2302 1594 2355 Avis : En cas de mauvais temps, les Concerts (tant d’Harmonie que de
466 2339 1099 2402 Symphonie) auront lieu dans la salle.
332 2377 1606 2442 On ne pourra retenir sous aucun prétexte des chaises ou des places non
469 2436 1281 2480 occupées, ni déplacer le mobilier des terrasses.
581 2498 1400 2556 Imprimerie CL. THIBAUT rue Chapelle de Grâce, 7, Anvers
