1770 2761
272 328 1368 439 Société royale de Zoologie d'Invers
342 504 1398 611 DIMANCHE 17 SEPTEMBRE 1899
676 618 1060 722 à 8 heures du soir
410 716 1087 874 CERT DE SUX
1091 724 1176 874 P
1220 715 1284 866 10
1287 722 1487 882 ONIE
482 891 1134 977 par l’Orchestre de la Société
461 957 1259 1052 sous la direction de M. Edward KEURVLS
496 1143 1221 1235 = PROGRA MME  #
668 1264 1057 1334 PREMIÈRE PARTIE
225 1362 955 1450 I. Marche des Amoureux.
1029 1356 1375 1456 L. Ganne
225 1454 1396 1554 2. Semiramis (ouverture) G. Rossini
225 1553 1481 1659 3. Patrouille persane Alph.Neufcour
225 1654 1484 1762 4. Martha (fantaisie) Fr. von Flotow
660 1778 1054 1878 DEUXIÈME PARTIE
228 1856 1440 1986 5. Marche aux flambeaux n° 3.... G. Meyerbeer
991 1969 1107 2044 1.47)
225 1964 1406 2083 6. Estudiantina (caprice espagnol) P. Lacome
1113 2091 1168 2145 5,3
224 2077 701 2188 7. Faust (santaisie).
768 2081 1423 2194 Ch. Gounod
982 2153 1178 2242 (1) (1221
225 2181 1429 2263 8. Burgerweisen (valse) Joh. Strauss
227 2277 1470 2405 Avis : En cas de mauvais temps, les Concerts (tant d'Harmonie que de
357 2360 1414 2432 Symphonie) auront lieu dans la salle.
233 2399 1468 2475 On ne pourra retenir sous aucun prétexte des chaises ou des places non
366 2457 1299 2516 occupées, ni déplacer le mobilier des terrasses.
479 2519 1292 2593 Imprimerie Cl.. TIIIBAUT rue Chapelle de Grâce, 7, Anvers
