1843 2985
496 439 1494 570 Société Royale de Zoologie d'Anvers
518 594 1466 674 JEUDI 21 SEPTEMBRE 1899
794 646 1184 731 à 8 heures du soir
359 731 1595 898 CONCERT DE SymPHONIE
703 867 1253 956 par l’Orchestre de la Société
570 934 1373 1002 sous la direction de M. Edward KEURVLS
604 1049 1334 1178 *PROGRA MME
766 1145 1158 1245 PREMIÈRE PARTIE
330 1197 948 1289 1. Anacréon (ouverture)..
1186 1236 1482 1310 L. Cherubini
335 1254 638 1332 2. Tarantelle
1186 1290 1440 1360 G. Rossini
330 1309 590 1396 3. Serenata
1220 1349 1477 1426 G. Sgambati
325 1376 584 1452 4. Sinfonia
1206 1410 1488 1488 A. Franchetti
388 1429 1242 1524 a) allegro; b) Larghetto; c) Scherzo; d) Finale.
753 1502 1144 1583 DEUXIÈME PARTIE
317 1545 1116 1656 5. Benvenuto Cellini (ouverture).
1195 1583 1503 1657 Hector Berlioz
321 1608 987 1695 6. Deux danses hongroises..
1181 1643 1380 1727 F. Behr
391 1662 1086 1746 Orchestrées par Edw. Keurvels.
322 1712 806 1797 . Zorahayda (légende).
1208 1745 1567 1833 Johan S. Svendsen
436 1780 1100 1839 Soliste : M. Edm. De Herdt ( violon).
380 1830 1559 1899 ...Par une nuit d'été Jacintha était restée seule dans l'Alhambra. Assise auprès d'une
325 1849 1559 1924 'ontaine, ellepleurait, et ses larmes tombaient dans l’onde pure... — Peu à peu, l'eau devint
331 1885 1559 1955 gitéc:et, du milieu d'une vapeur indécise, apparut le pâle fantome d’une femme jeune et belle
325 1911 1558 1992 enant en ses mains un luth d'argent. Ses vêtements étincelants de pierreries étaient ceux d'une
328 1938 590 1980 riicesse mauresque
364 1953 1556 2045 « Fille mortelle », dit sa voix harmonieuse et tendre, « pourquoi pleures-tu dans le silence
330 1975 1555 2070 e la nuit? » — « Je pleure le bien-aimé qui m'a délaissée! » « Sèche tes larmes ; écoute
330 2022 1547 2102 lu vois devant toi la triste Zorahayda. Comme toi j'ai connu les tourments de l’amour mal¬
331 2056 1548 2129 eureux. Un chevalier chrétien avait gagné mon cœur. J’avais promis d’embrasser sa croyance
330 2078 1547 2157 t de le suivre en son pays. Au moment du départ mon courage faiblit, je restai et suis morte.
328 2118 1545 2187 aïenne, dans ce palais, après une vie de souffrance. Depuis, les Génies du Mal ont tout pouvoir
325 2134 1550 2222 ur moi, et seule la main pure d'une chrétienne détruira le charme magique qui me retient
327 2173 1183 2230 si prisonnière.». Tu peux me délivrer... Le veux-tu?... Parle! »
328 2205 1545 2280 Approche donc. Plonge ta main dans l’eau de cette fontaine, baptise moi, et je serai rendue à
1236 2204 1531 2244 « Oui, je le veux! » —
314 2221 528 2267 éternel repos. »
363 2261 1542 2331 Jacintha s’approcha, prit de l’eau dans le creux de sa main, et la répandit surla tête du
314 2295 1544 2372 antôme... Alois. Lorahayda, le visage transfiguré, laissa doucement tomber son luth d’argent,
316 2327 1080 2373 roisa ses bras blancs sur son sein, et, souriant, disparut...
355 2355 1541 2423 Jacintha croyait sortir d'un rêve. Mais en voyant à ses pieds le luth d’argent, ses doutes
302 2375 1106 2453 sévanouirent et ses fraits s’illuminèrent d’espérance et de joie,
286 2412 702 2481 8. Kaisermarsch
1170 2440 1452 2512 Rich. Wagner
282 2523 1531 2602 Avis : En cas de mauvais temps, les Concerts (tant d’Harmonie que de
406 2558 1032 2622 Symphonie) auront lieu dans la salle.
520 2597 1324 2714 Imprimerie Cl. THIBAUT rue Chapelle de Grâce, 7, Anvers
