1789 2697
300 192 1299 306 Société Royale de Zoologie d'Anvers
333 314 1285 420 JEUDI 21 SEPTEMBRE 1899
608 390 999 477 à 8 heures du soir
186 492 1434 614 CONCERT DE YMPHONIE
533 612 1079 696 par l’Orchestre de la Société
393 676 1201 760 sous la direction de M. Edward KEURVLS
744 746 853 799 W.T.K.
439 785 1167 896 • PROGRAGME &
603 890 999 979 PREMIÈRE PARTIE
874 933 1331 1041 Cherubini
178 957 684 1052 I. Anacréon (ouverture)
725 1012 1291 1096 G. Rossini
173 1025 692 1101 2. Tarantelle
915 1053 1337 1148 G. G. Sgambati
669 1102 750 1150 .
173 1088 611 1164 3. Serenata
1036 1129 1344 1210 A. Franchetti
171 1148 436 1218 4. Sinfonia.
235 1188 1098 1256 a) allegro; b) Larghetto; c) Scherzo; d) Finale.
609 1244 1001 1328 DEUXIÈME PARTIE
1017 1299 1374 1397 Hector Berlioz
174 1315 909 1396 5. Benvenuto Cellini (ouverture).
1047 1364 1248 1455 F. Behr
171 1375 887 1450 6. Deux danses hongroises
255 1426 953 1509 Orchestrées par Edw. Keurvels.
1077 1459 1443 1547 Johan S. Svendsen
170 1480 669 1559 7. Zorahayda (légende).
309 1537 974 1585 Soliste : M. Edm. De Herdt (violon).
243 1559 1447 1618 ...Par une nuit d'été Jacintha était restée seule dans l'Alhambra. Assise auprès d'une
187 1605 1448 1648 fontaine, ellepleurait, et ses larmes tombaient dans l’onde pure... — Peu à peu, l‘eau devint
186 1632 1442 1681 agitée et, du milieu d'une vapeur indécise, apparut le pâle fantome d’une femme jeune et belle
192 1662 1442 1713 tenant en ses mains un luth d'argent. Ses vêtements étincelants de pierreries étaient ceux d'une
190 1705 476 1756 princesse mauresque.
246 1710 1447 1770 « Fille mortelle », dit sa voix harmonieuse ettendre, « pourquoi pleures-tu dans le silence
205 1750 1443 1797 de la nuit? » « Je pleure le bien-aimé qui m'a délaissée! » — « Sèche tes larmes ; écoute
209 1778 1442 1831 Tu vois devant toi la triste Zorahavda. Comme toi j’ai connu les tourments de l’amour mal-
192 1810 1443 1869 heureux. Un chevalier chrétien avait gagné mon cœur, J’avais promis d’embrasser sa croyance
195 1842 1443 1889 et de le suivre en son pays. Au moment du départ mon courage faiblit, je restai et suis morte.
197 1873 1448 1923 païenne, dans ce palais, après une vie de souffrance. Depuis, les Génies du Mal ont tout pouvoir
197 1902 1450 1946 sur moi, et seule la main pure d’une chrétienne détruira le charme magique qui me retient
1128 1930 1447 1969 « Oui, je le veux! » —
189 1937 1075 1981 ici prisonnière... Tu peux me délivrer,.. Le veux-tu?... Parle! »
192 1956 1448 2016 Approche donc. Plonge ta main dans l’eau de cette fontaine, baptise moi, et je serai rendue
187 2000 422 2043 l'éternel repos. »
257 2013 1450 2062 Jacintha s’approcha, prit de l’eau dans le creux de sa main, et la répandit surla tête du
192 2043 1455 2091 fantôme... Alors. Lorahayda, le visage transfiguré, laissa doucement tomber son luth d’argent,
195 2080 976 2134 croisa ses bras blancs sur son sein, et, souriant, disparut...
249 2100 1451 2164 Jacintha croyait sortir d'un rêve. Mais en voyant à ses pieds le luth d’argent, ses doutes
189 2135 1012 2189 s’évanouirent et ses fraits s’illuminèrent d’espérance et de joie,
969 2151 1375 2243 Rich. Wagner
181 2181 560 2262 8. Kaisermarsch
174 2283 1450 2341 Avis: En cas de mauvais temps, les Concerts (tant d’Harmonie que de
309 2321 950 2373 Symphonie) auront lieu dans la salle.
430 2387 1247 2441 Imprimerie CL.THIBAUT rue Chapelle de Grâce, 7. Anvers
