1834 2715
402 204 1398 357 Société Royale de Zoologie d'Anvers
365 399 1425 508 DIMANCHE 24 SEPTEMBRE 1899
701 497 1095 591 à 8 heures du soir
269 581 1518 748 CONCERT DE SymPHONIE
586 751 1169 833 par l'Orchestre de la Société
484 811 1295 902 sous la direction de M. Edward KEURVLS
520 985 1259 1114 = PROGRAMME &
690 1111 1083 1208 PREMIÈRE PARTIE
259 1197 1021 1306 I. Leichte Cavalerie (ouverture).
1144 1183 1527 1306 Fr. von Suppé
245 1276 1053 1376 2. Czaar und Zimmermann (fantaisie)
1114 1285 1477 1387 A. Lortzing
355 1365 1064 1419 Trombone-solo: M. F. VAN HAVENBERGE.
251 1406 1045 1524 3. Le refrain du Pécheur (barcarolle)
1108 1405 1504 1508 Leonce Gross
253 1499 665 1600 4. Adagio et Valse
1127 1488 1510 1598 Theo Charlier
385 1535 1032 1636 (du ballet La Féte des Fleurs)
352 1614 1054 1699 Le solo de violon par M. EDM. DEette
688 1697 1079 1813 DEUXIÈME PARTIE
247 1780 888 1875 5. Maximilien Robespierre.
1196 1772 1497 1884 Henry Litolf
336 1831 1277 1940 (ouverture pour la tragédie de R. Griepenkerl)
256 1920 839 2021 6. Danse bohémienne
1037 1951 1502 2005 G. Meyerbeer
262 2000 1475 2093 7. La Fiancée vendue (santaisie).... F. Smetana
256 2105 1483 2168 8. Künstlerleben (valse)..Joh. Strauss
248 2186 1508 2291 Avis : En cas de mauvais temps, les Concerts (tant d'Harmonie que de
380 2267 1015 2330 Symphonie) auront lieu dans la salle.
253 2299 1513 2380 On ne pourra retenir sous aucun prétexte des chaises ou des places non
380 2363 1204 2409 occupées, ni déplacer le mobilier des terrasses.
498 2401 1310 2520 Imprimerie CL. THIBAUT rue Chapelle de Grâce, 7, Anvers
