1807 2779
376 349 1376 454 Société Royale de Zoologie d'Anvers
413 504 1354 593 JEUDI 28 SEPTEMBRE 1899
686 585 1080 675 à 8 heures du soir
1273 686 1512 835 ONIE
261 694 1281 854 CONCERT DE SymPH
614 849 1154 927 par l’Orchestre de la Société
478 908 1282 1006 sous la direction de M. Edward KEURVLS
520 1071 1259 1186 PROGRA MME
688 1202 1083 1284 PREMIÈRE PARTIE
1033 1273 1452 1380 G. G. Meyerbeer
674 1300 991 1395 * * * * 4
256 1306 661 1399 I. Schillermarsch
936 1369 1499 1463 F. Mendelssohn
255 1390 911 1477 2. Ruy Blas (ouverture)..
258 1463 1531 1558 3. Invitation à la danse C. M. von Weber
1120 1545 1459 1630 Rich. Wagner
266 1554 1078 1662 4. Der Fliegende Holländer
699 1651 1094 1747 DEUXIÈME PARTIE
1172 1738 1496 1828 Alex. Stadtfeld
264 1749 803 1847 5. Hamlet (ouverture).
1173 1826 1442 1899 H. Waelput
270 1836 944 1918 6. Stella (introduction et rêve).
367 1894 1078 1972 Le solo de violon par M. EdM. DE Hart.
1184 1945 1423 2037 Jan Blockx
272 1964 968 2043 7. Milenka (fragments du ballet)
370 2026 1017 2078 a) Kermesse ; b) Danse des sabots
370 2065 1170 2130 c) Entrée des Etudiants ; d) Scène d'amour ;
375 2109 789 2181 e) Entrée des Zingaris.
1154 2154 1450 2241 Peter Benoit
274 2177 731 2255 8. Charlotte Corday
278 2293 1543 2343 Avis: Les Concerts d’Hivor commenceront le Mercredi 8 Novem¬
410 2323 1548 2383 bre par l'exécution de la Légende lyrique YOLANDE, pour
416 2361 1542 2419 Soli, Chœur Mixte et Orchestre ; musique d'EMILE WAMB CH,
416 2415 838 2467 poème d’AUG. EN’EDERS.
274 2446 1537 2505 En cas de mauvais temps, les Concerts (tant d’Harmonie que de Sympho¬
419 2492 912 2544 nie) auront lieu dans la salle.
538 2552 1342 2642 Imprunerie Cr..TIIBAUT rue Chapelle de Grâce, 7, Anvers
