1734 2779
264 314 1319 428 koninklijke Maatschappij van Dierkunde
320 461 1271 531 ZONDAG 5 NOVEMBER 1899
532 545 1066 623 te 3 1/2 ure ’s namiddags
169 639 1365 770 SYMFONISCH CONCER
484 793 1119 881 door het Orkest der Maatschappij
384 856 1218 943 onder de leiding van M. Edward KEURVLS
632 946 974 1018 cet 6/2
414 1016 1187 1144 PROGRAMMA
651 1121 949 1197 EERSTE DEEL.
169 1205 980 1277 I. Feestmarsch (voor orkest en orgel)
1082 1216 1385 1286 Jos. Compaens
164 1272 1030 1350 2. Die Irrfahrt um’s Glück (opingstuk)
1087 1272 1382 1366 Fr. von Suppé
164 1343 654 1427 3. A) Avondschemering
1090 1344 1436 1438 W. H. Mydleton
679 1386 1082 1460 voor orkest en orgel
226 1418 381 1489 B) Aria
1085 1404 1354 1485 J. Seb. Bach
162 1475 770 1577 4. Wiener Blut (wals).
1093 1474 1350 1557 Joh. Strauss
648 1566 959 1656 TWEEDE DEEL
169 1656 799 1742 5. Isa (opingstuk)
801 1672 929 1753 .
1065 1658 1341 1736 Peter Benoit
170 1741 799 1800 6. Esclarmonde (orkestsuite)
1057 1725 1332 1802 J. Massenet
234 1792 1201 1853 a) Bruiloft. — b) Het Toovereiland. — c) Aanroeping.
164 1847 1286 1923 7. Extase (droomerij voor orkest en orgel). L. Ganne
267 1892 863 1944 Solisten : Mej. M. ONTROP (harp),
269 1936 1305 1991 MM. EDM. DElandt (viool) en FR. VAN WESENBEECK (cello).
170 1981 1372 2053 8. Tannhäuser ( openingstuk)...... Rich. Wagner
231 2039 1377 2123 Het Orgel zal bespeeld worden door M. J. Keurvels.
409 2119 1197 2184 Orgel van het huis Lodewijk Anthonis.
175 2212 1429 2284 Woensdag, 8 November, te 8 ure ’s avonds : Buitengewoon
304 2258 1432 2314 Concert. Uitvoering van YOLANDE, lyrische legende in
303 2300 1429 2354 3 deelen, woorden van AUGUST SNIEDERS, muziek van EMIEL
308 2345 1432 2401 WAMBACH. De soli worden gezongen door Mevr. Arens-Callemien
300 2389 1432 2439 (mezzo-sopiano) en door de IH. J. Tyssen (tenor), A. Truyens
300 2428 1430 2486 (bariton) en J. Collignon (bas) ; de Kooren door de Zangafdeeling
300 2462 646 2523 der Maatschappij.
434 2542 1158 2603 Drukkerij CL. TIIBAUT, Meirplaats, 18, Antwerpen.
