1729 2770
314 289 1307 397 Société Royale de Zoologie d'Anvers
295 437 1316 495 MERCREDI 15 NOVEMBRE 1899
617 492 1005 570 à 8 heures du soir
679 575 1422 715 DE SymPHONIE
254 573 601 710 ONCERT
536 701 1071 767 par l’Orchestre de la Société
395 760 1197 820 sous la direction de M. Edward REURVLS
587 804 1012 874 ET AVEC LE CONCOURS DE
284 863 1313 948 Madame H. FELTESSE-OCSOMBRE, Cantatrice.
631 935 982 1005 cet. ou les
465 990 1169 1091 PROGRA MME
609 1079 998 1172 PREMIÈRE PARTIE
172 1163 1318 1252 i. Le Pré aux Clercs (ouverture).... F. Hérold
706 1249 1305 1330 G. Pierné
170 1251 642 1332 2. Sérénade
172 1315 1357 1377 3. La nuit de Walpurgis.... Ch. Gounod
258 1380 767 1443 (ballet de l'opéra Faust)
165 1427 1393 1508 4. Hamlet (Air d'Ophélie. — IIe Acte)... Amb. Thomas
301 1485 940 1564 Mme H. Feltesse-Oesombre.
617 1569 1005 1652 DEUXIÈME PARTIE
1093 1641 1291 1725 Ed. Lalo
172 1650 778 1742 5. Le Roi d'Ys (ouverture)
306 1711 1226 1780 Le solo de violoncelle par M.FR. VAN WESENBEECK.
167 1769 959 1850 6. A) Le dernier sommeil de la Vierge
573 1814 1052 1900 (extrait de la Légende)
1107 1849 1349 1916 J. Massenet:
222 1867 812 1955 B) Méditation (opéra Thaïs)
303 1930 1004 2006 Le solo de violon par M. EDM. DEette.
1065 1992 1346 2058 Paul Gilson
178 2003 639 2067 7. A) Memnon,...
1098 2045 1377 2130 Julien Simar
287 2053 498 2108 Berceuse
315 2098 938 2170 Mme H. Feltesse-Oesombre.
943 2147 1390 2222 Hector Berlioz
173 2155 634 2240 8. Marche hongroise.
172 2275 1424 2328 Avis : Il est défendu de circuler dans la Salle de Concert pendant les
311 2308 1358 2348 auditions musicales et de retenir des places non occupées.
173 2337 1425 2390 La Section Chorale met à l'étude CLOCHES NestIALES, Episode
315 2379 1424 2429 Lyrique, pour soli, chœur mixte etennestre, de François Rasse,
311 2409 1430 2453 Prix de Rome — 1899.— Les répétitions ont lieu les samedis à
309 2450 1424 2503 7½ h. du soir pour les Dames, à 8 1/2 h. pour les Messieurs.
311 2476 1094 2551 Les inscriptions sont reçues aux répétitions.
423 2570 1187 2629 Imprimerie Cl. THIBAUT, Place de Meir, 18, Anvers.
