1780 2788
347 297 1346 428 Société Royale de Zoologie d'Anvers
322 474 1356 586 DIMANCHE 19 NOVEMBRE 1899
535 580 1146 668 à 3 1/2 heures de l'après-midi
1226 669 1384 830 ON
627 676 1165 827 T DE Symp.
271 691 632 829 ONCERT
569 821 1124 912 par l'Orchestre de la Société
441 905 1240 990 sous la direction de M. Edward KEURVLS
677 973 1021 1062 cg. f. 2 o/d tous
453 1065 1212 1171 PROGRA MME
647 1171 1037 1278 PREMIÈRE PARTIE
210 1229 1428 1351 I. La Sirène (ouverture) D. Fr. Auber
210 1332 1420 1428 2. Les Huguenots (fantaisie sur l’opéra).. G. Meyerbeer
1084 1439 1370 1526 C. Habans
208 1443 632 1532 3. Les Guitareros
654 1429 1012 1542 ...
1085 1515 1356 1608 L. Ganne
211 1511 1074 1622 4. Marche grecque
655 1612 1052 1700 DEUXIÈME PARTIE
1148 1684 1368 1773 G. Rossini
213 1698 893 1780 5. Guillaume Tell (ouverture).
349 1761 1468 1825 Solistes: MM. Fr. VAN WESENBEECK (cello), J. RoskAM (flûte) et
353 1805 774 1892 CH. RoVIES (cor anglais).
1085 1864 1360 1942 A. Flégier
210 1876 485 1947 6. Villanelle
344 1923 890 1994 Hautbois solo: M. CH. RoVIES.
211 1978 1070 2066 7. Le Pré aux Clercs (entr'acte et air)
1113 1986 1362 2070 . F. Hérold
316 2063 1467 2131 Solistes : MM. EDM. DEée.Dt ( violon) et Jos. Coormans (clarinette)
777 2109 1467 2224 Em. Waldteufel
208 2119 691 2206 8. Valse militaire..
819 2188 899 2233 „
208 2263 1462 2305 Section Chorale.—Répétitions: les samedis à 7 1/2 h. du soir pour
341 2291 1461 2335 les Dames, à 8 1/2 h. pour les Messieurs. A l’étude : CLOCHES
346 2327 1464 2374 NUSTIALES. Episode Lyrique, pour soli, chœur mixte et
346 2361 1462 2413 orchestre. de François Rasse, 1e Prix de Rome — 1899. — Les
339 2399 1046 2450 inscriptions sont reçues aux répétitions
208 2439 1456 2504 Avis : il est défendu de circuler dans la Salle de Concert pendant les
341 2493 1396 2561 auditions musicales et de retenir des places non occupées.
452 2555 1217 2655 Imprimerie Cl. THIBAUT, Place de Meir. 18. Anvers.
