1734 2743
279 260 1278 373 Société Royale de Zoologie d'Anvers
263 377 1289 473 MERCREDI 22 NOVEMBRE 1899
584 437 977 517 à 8 heures du soir
157 551 1410 664 CONCERT DE STIMPAUNIE
511 644 1053 706 par l’Orchestre de la Société
373 672 1186 760 sous la direction de M. Edward KEURVLS
608 741 960 807 cet 3t hos
396 800 1159 888 PROGRAMME
594 863 977 949 PREMIÈRE PARTIE
1053 915 1399 999 C. M. von Weber
157 926 711 1001 I. Euryanthe (ouverture)
152 991 1168 1067 2. De Gluck à Wagner (fragments symphoniques).
294 1042 786 1084 GlUK : Armide (ouverture).
294 1059 858 1121 HAYDN: 1e Symphonie (andante).
299 1096 905 1164 MoZART: Don Juan (final; menuet).
296 1143 863 1186 lichevän: 5o Symphonie (final).
296 1161 1016 1228 WEBER : Freischütz (ouverture ; cavatine).
299 1209 854 1266 MENDELASOHN: Marche nuptiale.
293 1240 675 1291 SCHUBELT: Sérénade.
296 1256 803 1325 WAGNER : Rienzi (ouverture).
1053 1292 1311 1381 Jos. Haydn
152 1308 871 1378 3. Adagio du « Kaiser-Quartett ».
1034 1358 1331 1430 Edw. Lassen
158 1355 493 1430 4. Festmarsch
576 1363 680 1419 ..
611 1410 1002 1496 DEUXIÈME PARTIE
1062 1466 1323 1557 Joh. Brahms
160 1468 717 1560 5. Tragische Ouvertüre
1023 1538 1417 1605 Moritz Kässmayer
163 1535 814 1612 6. Musikalische Mesalliancen
329 1583 1001 1641 pour quatuor solo etennestre.
238 1627 1239 1690 Quatuor solo: MM. EDM. DEHEROT. H. WILLENS (violons),
473 1668 1251 1710 J. Torres (alto) et FR. VAN WESENBEECK (cello).
296 1688 764 1750 a) Van Beethoven-Strauss.
299 1729 659 1778 b) Haydn-Offenbach.
299 1765 702 1812 c) Schubert-Kässmayer
299 1786 833 1856 d) Bach-Mein lieber Augustin.
1024 1811 1320 1889 . S. Jadassohn
160 1814 429 1900 7. Cavatina
260 1847 1167 1920 Le solo de violoncelle par M. FR. VAN WESENBEECK.
160 1908 1333 1973 8. Lohengrin (transcription par J. Dupont). Rich. Wagner
164 1997 1411 2050 Mercredi, 6 décembre. Concert avec le concours de Mme L. Monbal,
299 2031 497 2077 Cantatrice.
157 2056 1413 2116 Mercredi, 13 décembre : Concert Extraordinaire sous la direction de
299 2100 1413 2141 M. oscor Jüttner, Chef d’orchestre aux Concerts du Kursaal de
296 2130 626 2182 Montreux, (Suisse)
158 2155 1411 2208 Mercredi, 27 décembre: Audition d’œuvres de M. Fr. Rasse, Grand Prix
526 2201 1406 2238 - 1899 — Exécution de CLOCHES NUPTIALES
299 2197 486 2243 de Rome.
294 2233 1406 2277 épisonle lyrique pour soli. chœurs etennestre, avec le concours
296 2268 1408 2323 de Mme Feltesse-Ocsombre (sopiano), MM. Van der Goten (ba¬
299 2301 1366 2338 ryton) et Hennuyer (ténor) et du Chœur Mixte de la Société.
158 2321 1405 2374 Section Chorale. — Répétitions : les samedis à 7 1/2 h. du soir pour
296 2368 1406 2410 les Dames, à 8 1/2 h. pour les Messieurs. A l’étude: CLOCHES
294 2399 1413 2443 NUSTIALES, de Fr. Rasse, (cantate couronnée au concours
296 2429 623 2478 de Rome — 1899).
158 2445 1411 2519 Avis : il est défendu de circuler dans la Salle de Concert pendant les
293 2503 1345 2540 auditions musicales et de retenir des places non occupées.
406 2561 1165 2619 Imprimerie Ct.. THIBAUT, Place de Meir, 18, Anvers.
