1793 2738
339 221 1327 319 Société Royale de Zoologie d'Anvers
319 363 1348 436 DIMANCHE 26 NOVEMBRE 1899
528 430 1142 515 à 3 1/2 heures de l'après-midi
215 548 1243 652 CONCERT DE STMPA
573 643 1103 733 par l’Orchestre de la Société
434 689 1242 770 sous la direction de M. Edward REURVLS
453 787 1206 895 PROGRA MME
643 889 1024 966 PREMIÈRE PARTIE
1060 921 1398 1029 D. Fr. Auber
210 951 1043 1029 1. Le Cheval de Bronze (ouverture).
1099 988 1433 1083 Franz Andelhof
212 1015 884 1074 2. Le Savetier et le Financier
218 1041 1463 1124 (fragments du ballet — Librettiste : M. L. Malpertuis) 1e exéc.
341 1108 1472 1166 1. Variations A) Testation. B) Invocation. c) Triomphe de l'Argent.
344 1153 666 1201 2. Divertissement.
347 1169 1038 1248 3. Pas des Orientales et des Marmitons.
345 1222 540 1264 4. Pavane.
344 1236 1144 1310 5. Pas final (sur l’air « La Garde française »).
268 1287 1223 1374 De Gluck à Wagner (fragments symphoniques).
212 1299 266 1371 3.
352 1346 842 1402 GLUK : Armide (ouverture).
350 1376 910 1427 HAYDN : r° Symphonie (andante).
355 1412 952 1469 MoZART : Don Juan (final; menuet).
347 1454 914 1492 BEETHOFEN : 5o Symphonie (final).
358 1471 1072 1539 WEBER : Freischütz (ouverture ; cavatine).
353 1519 906 1583 MENDELSSOHN : Marche nuptiale.
352 1553 721 1601 SCHUBERT : Sérénade.
358 1578 859 1645 WAGNER : Rienzi (ouverture).
649 1631 1044 1707 DEUXIÈME PARTIE
1094 1692 1444 1766 C. M. von Weber
207 1687 890 1776 4. Euryanthe (ouverture)
1088 1749 1366 1819 S. Jadassohn
215 1763 526 1827 5. Cavatina. „
545 1779 602 1822 -
345 1790 1092 1863 Violoncelle-solo : M. FR. VAN WESENBEECK.
213 1844 1380 1916 6. Lohengrin (transcription par J. Dupont). Rich. Wagner
210 1914 1373 1984 7. Marche du Sacre (opéra Le Prophète) G. Meyerbeer
218 2004 1455 2057 Mercredi, 6 décembre. Concert avec le concours de Mme L. Monbal,
339 2042 543 2084 Cantatrice.
212 2053 1458 2137 Mercredi, 13 décembre : Concert Extraordinaire sous la direction de
666 2095 1458 2162 Chef d'orchestre aux Concerts du Kursaal de
345 2107 652 2152 M. Oscar Jüttner,
342 2138 665 2182 Montreux (Suisse).
212 2160 1461 2216 Mercredi, 27 décembre: Audition d’œuyres de M. Fr. Rasse, Grand Prix
345 2205 1452 2246 de Rome. — 1899 — Exécution de CLOCHES NUPTIALES,
344 2239 1452 2277 épmane lyrique pour Soli, Chœurs et Orchestre, avec le concours
345 2271 1450 2316 de Mme Feltesse-Ocsombre (sopiano). MM. Van der Goten (ba¬
352 2306 1402 2348 ryton) et Hennuver (ténor) et du Chœur Mixte de la Société.
212 2305 1452 2395 Section Chorale. — Répétitions : les samedis à 7 1/2 h. du soir pour
344 2366 1449 2418 les Dames, à 8 1/2 h. pour les Messieurs. A l’étude : CLOCHES
345 2406 1457 2468 NUPTIALES, de Fr. Rasse, (cantate couronnée au concours
344 2436 671 2481 de Rome — 1899).
210 2442 1454 2527 Avis : il est défendu de circuler dans la Salle de Concert pendant les
344 2496 1387 2544 auditions musicales et de retenir des places non occupées.
451 2560 1214 2613 Imprimerie CL. THIBAUT, Place de Meir, 18, Anvers.
