1775 2702
313 211 1302 318 Société Royale de Zoologie d'Anvers
300 392 1318 475 MERCREDI 29 NOVEMBRB 1899
611 473 1004 556 à 8 heures du soir
195 600 1453 717 CONCERT DE STMI-HONIE
527 708 1089 798 par l'Orchestre de la Société
405 767 1209 853 sous la direction de M. Edward KEURVLS
431 901 1196 1004 PROGRA MME
614 1000 1010 1091 PREMIÈRE PARTIE
178 1081 1428 1187 I. Marche du Sacre Em. Wambach
177 1171 1368 1252 2. Milenka (fragments du ballet)... Jan Blockx
318 1240 1448 1294 a) Kermesse ; b) Danse des sabots c) Entrée des Etudiants
318 1282 1234 1347 d) Scène d'amour ; e) Entrée des Zingaris.
175 1334 1422 1406 3. Parisina (introduction du II° Acte).. Edw. Keurvels
264 1402 1334 1485 Rêve d'amour sur le lac de Lugano)
177 1474 1376 1555 4. Le Roi des Aulnes (ouverture). Peter Benoit
629 1553 1028 1646 DEUXIÈME PARTIE
164 1584 553 1675 Bewertsz.
1083 1613 1221 1673 einolu
903 1615 1059 1678 (ouvrier
867 1663 1449 1733 L. Van Beethoven
791 1663 869 1725 ..
183 1659 759 1728 5. Ve Symphonie (Fatum).
216 1731 1430 1806 a)Allegro con brio; b) Andante con moto; c) Allegro e finale.
1252 1759 1419 1809 5,3
169 1793 1404 1858 6. Rienzi (ouverture).....,, Rich. Wagner
159 1851 1083 1890 A.I. A.V.M. hav. xxxs.v.s.beam ob dem
1114 1850 1422 1895 G.C.F.P.
164 1892 1446 1988 Mercredi, 6 décembre. Concert avec le concours de Mme L. Monbal,
173 1960 927 2001 Cantatrice.
995 1963 1088 1999 5,3
182 1962 1385 2036 Mercredi, 13 décembre : Concert Extraordinaire sous la direction
172 1996 1456 2085 M. Oscar Juttner, Chef d'orchestre aux Concerts du Kursaal de
1295 2057 1385 2098 ⱥ
161 2064 764 2104 Montreux (Suisse).
780 2070 864 2104 N:o
895 2070 968 2109 5,1
185 2069 1456 2143 Mercredi, 27 décembre: Audition d'œuvres de M. Fr. Rasse, Grand Prix
315 2134 1449 2179 de Rome. — 1899 — Exécution de CLOCHES NURTIALES,
156 2142 293 2177 g. v.
156 2172 1454 2215 épisode lyrique pour Soli, Chœurs et Orchestre, avec le concours
315 2203 1441 2249 de Mme Feltesse-Ocsombre (sopiano), MM. Van der Goten (ba
151 2232 1406 2291 ryton) et Hennuyer (ténor) et du Chœur Mixte de la Société.
175 2271 1449 2315 Section Chorale. — Répétitions : les samedis à 7 1/2 h. du soir pour
151 2309 1454 2352 les Dames, à 8 1/2 h. pour les Messieurs. A l'étude: CLOCHES
319 2351 1453 2388 NUPTIALES, de Fr. Rasse, (cantate couronnée au concours
321 2377 1068 2429 de Rome — 1899).
156 2375 310 2427 ahmamba
1140 2382 1216 2429 —
152 2385 1456 2468 Avion. Il est défendu de circuler dans la Salle de Concert pendant les
323 2456 1396 2492 auditions musicales et de retenir des places non occupées.
396 2493 1167 2573 Imprimerie CL. THIBAUT, Place de Meir, 18, Anvers.
