1903 2761
185 163 1173 273 Société Royale de Zoologie d'Anvers
368 309 1015 394 MERCREDI 6 DÉCEMBRE
505 386 904 472 à 8 heures du soir
830 465 923 583 in
679 543 771 638 C
134 571 214 658 A
300 620 1109 706 par l'Orchestre de Symphonie de la Sociéte
298 679 1104 762 sous la direction de M. Edward KEURVLS
465 727 950 824 et avec le concours de la
94 795 1324 904 Nederlandsche Liedertafel
230 889 1197 985 Chœur-Mixte, sous la direction de M. Jules SCHREY.
1012 991 1077 1046 Zij
378 994 1076 1089 P ROGRAMME
521 1090 912 1181 PREMIÈRE PARTIE
78 1157 1232 1243 1. Marche aux flambeaux n° 3.... G. Meyerbeer
81 1211 1334 1321 2. Adagio de la 8e Sonate pour piano. L. Van Beethoven
215 1277 881 1355 (orchestré par Edw. Keurvels).
936 1307 1321 1402 C. M. von Weber
86 1337 757 1418 3. Der Freischütz (ouverture).
89 1385 1329 1479 4. SuppLICATION (Uit diepen Nood).. Fel. Mendelssohn
250 1426 1219 1511 De Nederlandsche Liedertafel.
536 1495 936 1581 DEUXIÈME PARTIE
969 1549 1273 1637 Alex. Stadtfelt
797 1594 872 1643 .
96 1579 625 1653 5. Hamlet (ouverture).
945 1619 1232 1708 H. Waelput
97 1642 747 1716 6. Stella (prélude et rêve)..
182 1662 998 1760 Le solo de violon par M. EDM. DE April.
105 1726 1310 1815 7. Fantaisie sur des motifs espagnols.. Fr. A. Gevaert
974 1779 1375 1847 Arm. Timmermans
102 1787 910 1873 S. MAUDITE SOIT LA QUERRE!
260 1826 1218 1914 De Nederlandsche Liedertafel.
107 1877 1377 1992 Mercredi, 13 décembre : Concert Extraordinaire sous la direction de
247 1952 1379 2011 M. Oscar Jüttner, Chef d’orchestre aux Concerts du Kursaal de
249 2005 579 2056 Montreux (Suisse).
113 1991 1391 2109 Mercredi, 20 Décembre : Concert avec le concours de M. Alfr. Verheyen
252 2056 1383 2115 (alto) 1er Prix du conservatoire Royal de Bruxelles et artiste de
249 2105 457 2155 l’Orchestre.
110 2105 1347 2188 Mercredi, 27 décembre: Audition d’œuvres de M. Fr. Rasse, Grand Pr
249 2153 1382 2214 de Rome. — 1899 — Exécution de CLOCHES NUPTIALES,
255 2188 1380 2247 épmane lyrique pour Soli, Chœurs et Orchestre, avec le concours
252 2220 1379 2289 de Mme Feltesse-Ocsombre (sopiano). MM. Van der Goten (ba¬
252 2257 1336 2319 ryton) et Hennuver (ténor) et du Chœur Mixte de la Société.
112 2281 1390 2354 Section Chorale. — Répétition d’ensemble : Samedi à 8 h. du soir.
257 2324 1388 2384 A l’étude : CLOCHES NUTIALES. de Fr. Rasse, (cantate
260 2360 1006 2411 couronnée au concours de Rome — 1899).
120 2365 1390 2462 Avis : Il est défendu de circuler dans la Salle de Concert pendant les
261 2432 1324 2481 auditions musicales et de retenir des places non occupées.
376 2486 1143 2552 Imprimerie CL. THEBAUT, Place de Meir, 18, Anvers.
