1834 2761
329 212 1382 315 Koninklijke Maatschappij van Dierkunde
843 308 914 351 mittelm.
365 329 1333 421 ZONDAG 10 DECEMBER 1899
604 403 1134 484 te 3 1/2 ure ’s namiddags
1202 512 1316 620 R
1042 552 1134 615 D
854 549 942 625 Et
389 534 580 632 S
607 579 693 639 2.
305 572 370 632 A
446 620 1309 702 door het Symfonisch Orkest der Maatschappij
459 667 1290 737 onder de leiding van M. Edward KEURVLS
604 723 1143 810 en met de medewerking der
264 775 1499 889 Nederlandsche Liedertafel
351 860 1399 939 Gemengd Koor, onder de leiding van M. Julius SCHREY.
563 977 1270 1078 PROGRAMMA
740 1066 1037 1148 EERSTE DEEL
824 1113 1382 1214 Eug. Hutoy
742 1162 830 1214 u.
245 1151 732 1232 I. Bruiloftsmarsch.
1067 1170 1497 1265 C. M. von Weber
250 1200 1036 1290 2. Der Freischütz (openingstuk).
1101 1241 1464 1319 Fr. A. Gevaert
255 1262 971 1339 3. Fantasie op Spaansche wijzen
1105 1292 1526 1371 Arm. Timmermans
250 1320 966 1410 4.onevloekt ziJ DE OORLOG!
406 1369 1365 1450 De Nederlandsche Liedertafel.
737 1425 1050 1518 TWEEDE DEEL
1075 1480 1496 1556 Fel. Mendelssohn.
250 1502 768 1592 S. UIT DIEPEN NOOD.
410 1551 1376 1624 De Nederlandsche Liedertafel.
1036 1594 1380 1673 .. R. Wagner
256 1610 803 1705 6. Rienzi (openingstuk)
272 1667 1426 1762 7. Grossmütterchen (ländler)...... Gust. Langer
400 1687 1529 1804 Solisten: HH. EpM. DEHERDr en EUG., LEMOINE (viool) et FR.
405 1774 841 1850 VAN WESENBEECK (cello).
923 1793 1379 1885 G. Michiels
264 1820 750 1904 8. Chenonceaux (wals)
278 1902 1534 1986 Woensdag, 13 December, Buitengewoon Concert onder de leiding van
411 1945 1534 2005 M. Oscar Jüttner, Orkestbestuurder bij het Kuurhuis van Mon¬
410 1988 762 2043 treux (Zwitserland).
277 1984 1529 2071 Woensdag, 20 December: Concert met de medewerking van M Alfr.
419 2037 1540 2101 Verheyen, (alto), iste Prijs van het Koninklijk Konservatorium te
417 2079 968 2147 Brussel, en lid van het Orkest.
285 2103 1537 2173 Woensdag, 27 Decembe, Concert gewijd aan werken van Fr. Rasse.
419 2141 1542 2201 Groote Prijs van Rome. — 1899. — Uitvoering van BRUILOFTS-
419 2166 1543 2241 KLUKKEN, lyrische episode voor Soli, Koor en Orkest, met
421 2206 1550 2268 de medewerking van Mevr. Feltesse-Ocsombre (sopraan), van
419 2236 1550 2310 MM. Van der Goten (bariton) en Hennuyer (tenor) en van het
427 2283 1031 2343 Gemengd Koor der Maatschappij.
689 2294 1546 2358 Samenoefening. Zaterdag, te 8 ure ’s avonds.
283 2318 604 2388 Koorafdeeling.
425 2332 1550 2396 Ter studie : BRUILOFTSKLUKKEN, van Fr. Rasse, (cantate
427 2386 1184 2437 bekroond met den Prijs van Rome — 1899).
285 2392 1556 2486 Bericht: Het is verboden in de Concertzaal te wandelen gedurende
432 2434 1556 2508 de muziekuitvoeringen. Niet ingenomen plaatsen mogen niet
429 2490 843 2562 voorbehouden worden.
566 2532 1286 2589 Drukkerij CL. TIIIBAUT, Meirplaats, 18, Antwerpen.
