2035 2985
504 446 1568 528 Koninklijke Maatschappij van Dierkunde
699 556 1389 641 VOEN3DAG 13 DECEMBER
857 625 1241 702 te 8 ure ’s avonds
403 723 1656 857 SYMFONISCH CONCERT
734 830 1372 900 door het Orkest der Maatschappij
817 891 1218 945 onder de leiding van
635 938 1456 1038 M. Oskar Jüttner
456 1030 1640 1110 Orkestbestuurder bij het Kuurhuis te Montreux (Zwitserland).
654 1143 1440 1229 PROGRAMMA
902 1218 1201 1309 EERSTE DEEL
406 1292 975 1369 I. Oberon (openingstuk)
1277 1290 1685 1372 C. M. von Weber
408 1356 969 1429 2. Symfonie nr 2 (D dur).
1274 1357 1584 1431 Joh. Brahms
550 1410 964 1472 a) allegro non troppo.
547 1456 954 1512 b) Adagio non troppo.
548 1487 1244 1554 c) allegretto grazioso (quasi adantino).
550 1540 951 1599 d) allegro con spirito.
414 1581 932 1650 3. Le Rouet d’Omphale
1292 1580 1685 1655 Cam. Saint-Saëns
500 1637 1413 1706 (de Spinnende Omphale) symfonisch gedicht
892 1712 1204 1779 TWEEDE DEEL
408 1776 935 1851 4. Frithiof (openingstuk)
1289 1779 1628 1850 Théod. Dubois
417 1847 759 1915 5. A) Andantino
913 1877 1688 1970 uit de Balletsuite. E. Jaques-Dalcroze
465 1911 887 1979 B) allegro comodo
412 1965 1567 2032 6. Vltava (de Moldau) symfonisch gedicht. F. Smetana
422 2024 1038 2107 7. Tannhäuser (opingstuk).
1316 2029 1618 2110 Rich. Wagner
416 2118 1687 2177 Woensdag, 20 December: Concert met de medewerking van M. Alfr.
558 2162 1691 2213 Verheyen, (alto), iste Prijs van het Koninklijk Konservatorium te
550 2189 1110 2243 Brussel, en lid van het Orkest.
417 2227 1685 2281 Woensdag, 27 December, Concert gewijd aan werken van Fr. Rasse,
552 2275 1682 2317 Groote Prijs van Rome. — 1899. — Uitvoering van BRUILOFTS.
552 2302 1688 2349 KLUKKEN, lyrische episode voor Soli, Koor en Orkest, met
555 2345 1688 2384 de medewerking van Mevr. Feltesse-Ocsombre (sopraan), van
553 2371 1696 2433 MM. Van der Goten (bariton) en Hennuyer (tenor) en van het
555 2408 1153 2459 Gemengd Koor der Maatschappij
406 2427 1693 2510 Bericht: Het is verboden in de Concertzaal te wandelen gedurende
555 2488 1690 2542 de muziekuitvoeringen. Niet ingenomen plaatsen mogen niet
547 2515 972 2580 voorbehouden worden.
683 2572 1413 2636 Drukkerij CL. THIBAUT, Meirplaats, 18, Antwerpen.
