1729 2706
317 152 1291 245 Société Royale de Zoologie d'Anvers
441 267 1130 348 MERCREDI, 20 DÉCEMBRE
609 333 1001 416 à 8 heures du soir
825 427 1122 562 Syme
193 424 831 573 CONCERT DE
1313 394 1420 560 IE
535 549 1081 634 par l'Orchestre de la Société
400 617 1205 712 sous la direction de M. Edward KEURVLS
596 675 1031 744 et avec le concours de
358 739 1235 822 M. ALFR. VERHEYEN, Aito,
289 808 1271 875 1° Prix du conservatoire Royal de Bruxelles — 1898,
571 861 1042 941 et Artiste de l'Orchestre.
411 969 1180 1059 PROGRAMME 31
609 1053 996 1131 PREMIÈRE PARTIE
1093 1112 1368 1189 Fr. Schubert
176 1114 595 1200 r. Marche militaire
1092 1175 1360 1263 Otto Nicolaï
171 1167 984 1260 2. Die lustigen Weiber van Windsor.
345 1239 582 1308 (ouverture).
1092 1283 1341 1354 C. Reinecke
171 1282 977 1373 3. König Manfred (intermezzo)
1095 1344 1398 1421 W. A. Mozart
176 1344 1032 1429 4. Concerlo pour Also et Orchestre..
264 1396 1040 1471 a) Allegro; b) Adagio; c) Ronde, (Allegro).
546 1443 1060 1519 M. Alfr. Verheyen.
612 1506 1010 1603 DEUXIÈME PARTIE
1100 1556 1344 1653 Fr. J. Fétis
179 1573 706 1664 5. Ouverture de Concert
1090 1635 1412 1708 Rob. Schumann
846 1642 977 1726 ...
174 1650 482 1719 6. A) Rêverie.
1089 1696 1417 1779 F. Mendelssohn
227 1704 1060 1785 B) Chanson de Printemps
1086 1752 1399 1850 H. Vieuxtemps
177 1762 1029 1839 7. Elégie (orchestrée par Ch. Gras).
541 1813 1067 1908 M. Alfr. Verheyen.
1073 1856 1426 1956 P: Tschaïkowsky
169 1881 1032 1966 8. Marche du Couronnement
174 1986 1428 2046 Dimanche, 24 courant, à 3 1/2 heures de l'après-midi : Concert de Sym¬
311 2030 452 2075 phonie.
309 2024 1432 2115 25 courant, à 3 1/2 de l'après-midi, à l’occasion de la Noël :
174 2038 295 2118 Lundi,
307 2085 734 2143 Concert de Symphonie.
174 2094 1432 2171 Mercredi, 27 décembre, à 8 heures du soir : Concert Extraordinaire
307 2157 1432 2204 consacré à l'audition d’œuvres de François Rasse, rt Prix du
307 2188 1432 2234 Grand Concours de Composition Musicale de 1899. Exécution de
309 2221 1431 2268 la cantate couronnée (“ Bruiloftsklokken”) Les Cloches Nup-
311 2248 1432 2300 tiales, avec le concours de Madame EMMA BIRNER (soprano) et
309 2284 1431 2344 de MM. ARNOLD RASSE (baryton) et JULIEN HENNUYER (ténor) de
311 2319 1071 2366 Bruxelles et du Chœur Mixte de la Société.
171 2336 1432 2406 Avis : Il est défendu de circuler dans la Salle de Concert pendant les
309 2397 1366 2435 auditions musicales et de retenir des places non occupées.
419 2450 1189 2523 Imprimerie Cl. THIBAUT, Place de Meir, 18, Anvers.
