1825 2765
328 217 1322 323 Société Royale de Zoologie d'Anvers
305 347 1349 441 DIMANCHE 24 DÉCEMBRE 1899
515 428 1132 510 à 3 1/2 heures de l’après midi
208 526 1450 660 CONCERT DE STMPAONIE
558 660 1110 727 par l'Orchestre de la Société
417 703 1228 791 sous la direction de M. Edward KEURVLS
457 812 1215 935 PROGRA MME
630 927 1015 1012 PREMIÈRE PARTIE
187 1006 1361 1084 I. Die lustigen Weiber van Windsor.. Otto Nicolai
357 1073 604 1145 (ouverture).
184 1114 1421 1202 2. Ai de danse bohémien.... Alex. Stadtfelt
185 1183 1372 1276 3. A) Patrouille persane  A. Neufcour
1052 1258 1308 1333 L. Ganne
240 1265 702 1340 B) Extase (rêverie).
249 1301 1356 1385 Solistes : Melle M. ONTROP (harpe). MM. EdM. DEHEROT (violon)
417 1369 1094 1439 et FR. VAN WESENBEECK ( violoncelle).
181 1399 1362 1492 4. Rubensmarsch......... Peter Benoit
635 1498 1036 1586 DEUXIÈME PARTIE
667 1567 1437 1653 P. Tschaïkowsky
176 1581 649 1664 5. Marche solennelle.
711 1639 1452 1722 C. M. von Weber
176 1648 646 1739 6. Obéron (ouverture)
177 1722 1434 1786 7. Une fête à Aranjuez (fantaisie espagnole). G. Demersmann
312 1778 1086 1851 Le solo de violon par M. EDM. DE Hart.
729 1805 1405 1907 Fr. von Suppé
179 1827 644 1915 8. Fatinitza-Walzer
176 1903 1450 2008 Lundi, 25 courant, à 3 1/2 de l'après-midi, à l’occasion de la Noël :
309 1979 748 2037 Concert de Symphonie.
177 1995 1450 2066 Mercredi, 27 décembre, à 8 heures du soir : Concert Extraordinaire
307 2056 1448 2091 consacré à l’audition d’œuvres de François Rasse, n° Prix du
312 2093 1461 2125 Grand Concours de Composition Musicale de 1899. Exécution de
307 2125 1448 2163 la cantate couronnée (“ Bruiloftsklokken’) Les Cloches Nup-
312 2146 1453 2195 tiales, avec le concours de Madame EMMA BIRNER (soprano) et
307 2189 1452 2230 de MM. AENOLD RASSE (baryton) et JULIEN HENNUYER (ténor) de
307 2222 1092 2267 Bruxelles et du Chœur Mixte de la Société.
171 2235 1444 2305 Mercredi, 3 janvier 1900, Concert avec le concours de M. Félix Kwast,
312 2293 1448 2339 Violoncelle-solo de l’Orchestre Néerlandais du « Helenow» à Lodz
312 2333 606 2381 (Pologne Russe).
168 2341 1450 2422 Mercredi, 10 Janvier, Soirée de Musique par la Kwartetkapel d’Anvers et
309 2401 1205 2451 avec le concours de Mme Ernesta Raick, Cantatrice.
169 2448 1448 2494 Avis : il est défendu de circuler dans la Salle de Concert pendant les
305 2497 1383 2529 auditions musicales et de retenir des places non occupées.
424 2552 1209 2612 Imprimerie CL. THIBAUT, Place de Meir, 18, Anvers.
