1853 2770
362 184 1342 324 Société Royale de Zoologie d'Anvers
500 355 1207 463 LUNDI 25 DÉCEMBRE 1899
542 443 1164 536 à 3 1/2 heures de l’après midi
1207 503 1472 674 YONIE
330 544 1182 709 ONCERT DE SyMP
601 669 1141 788 par l’Orchestre de la Société
463 741 1269 865 sous la direction de M. Edward KEURVLS
485 888 1244 1014 PROGRA MME 33
677 999 1074 1085 PREMIÈRE PARTIE
243 1079 1391 1223 I. Marche roumaine L. Ganne
747 1145 1421 1255 A. Leutner
252 1209 677 1277 2. Fest-Ouverture
254 1221 1445 1348 3. Hérodiade (transcription de l’opéra)... J. Massenet
1085 1293 1489 1407 Théo Charlier
249 1350 681 1436 4. Adagio et Valse
392 1385 1037 1466 (du ballet La Fête des Fleurs)
398 1437 983 1524 Violon-solo: M. EDM. DEHERDT.
717 1515 1112 1596 DEUXIÈME PARTIE
262 1564 1450 1696 5. Ouverture de Concert......... F. J. Fétis
263 1651 1540 1788 6. Chanson de Printemps F. Mendelssohn
1031 1723 1466 1848 Ch. Gounod
270 1762 863 1853 7. La Nuit de Walpurgis
444 1807 963 1913 (ballet de l'opéra Faust)
278 1856 1512 1961 8. Marche nuptiale de l’opéra Lohengrin.. Rich. Wagner
284 1986 1542 2080 Mercredi, 27 décembre, à 8 heures du soir : Concert Extraordinaire
416 2021 1545 2095 consacré à l’audition d’œuvres de François Rasse, rr Prix du
422 2053 1542 2129 Grand Concours de Composition Musicale de 1899. Exécution de
419 2088 1543 2168 la cantate couronnée (“ Bruiloftsklokken”) Les Cloches Nup-
419 2116 1543 2194 tiales, avec le concours de Madame EMMA BIRNER (soprano) et
417 2151 1547 2229 de MM. ARNOLD RASSE (baryton) et JULIEN HENNUYER (ténor) de
424 2202 1194 2272 Bruxelles et du Chœur Mixte de la Société.
293 2208 1543 2319 Mercredi, 3 janvier 1900, Concert avec le concours de M. Félix Kwast
433 2265 1555 2338 Violoncelle-solo de l'Orchestre Néerlandais du « Helenow» à Lödz
428 2321 725 2384 (Pologne Russe).
293 2314 1550 2427 Mercredi, 10 Janvier, Soirée de Musique par la Kwartetkapel d’Anvers et
427 2379 1318 2452 avec le concours de Mme Ernesta Raick, Cantatrice.
292 2387 1556 2497 Avis : il est défendu de circuler dans la Salle de Concert pendant les
435 2456 1491 2519 auditions musicales et de retenir des places non occupées.
560 2514 1318 2589 Imprimerie Cr.. THIBAUT, Place de Meir, 18, Anvers.
