1990 3053
614 365 1352 478 Société Royale de Zoologie
364 481 1595 553 MERCREDI 27 DÉCEMBRE 1899, à 8 heures du soir
402 580 895 710 Concert
953 587 1621 700 xtraordinaire
726 702 1267 784 consacré aux Œuvres de
577 780 1390 873 FRANÇOIS RASSE
356 865 1624 953 (ιr Prix du Grand Concours de Composition Musicale de 1899).
802 936 1184 990 AVEC LE CONCOURS DE
637 971 1339 1037 Mme EMMA BIRNER (sopiano)
351 1031 1624 1107 de MM. Arnold RASSE (baryton) et Lucien HENNUYER (ténor)
935 1085 1048 1138 ET DU
582 1124 1399 1194 CHŒUR MIXTE DE LA SOCIÉTÉ
387 1183 1580 1263 L’Orchestre et les Chœurs sous la direction de l’Auteur.
680 1306 1322 1414 PROGRA MME:
789 1393 1214 1466 PREMIÈRE PARTIE
356 1439 1256 1532 1. Esquisse symphonique (opus 18 - 1897).
492 1509 878 1556 a) allegro moderato ;
498 1551 878 1591 b) Andante e agitato:
493 1573 1148 1626 c) allegro vivo — Andante maestoso.
361 1610 996 1681 2. Méditation (opus I — 1894).
359 1659 1066 1727 3. A) La Fleur de l’oubli (opus 5).
416 1719 772 1785 B) Noël (opus 25).
511 1762 1357 1823 Méladies chantées par Mme Emma BIRNER.
364 1811 1237 1872 4. Sonate-fantaisie pour piano (opus 19 -
1273 1804 1395 1875 1898)
498 1861 1195 1918 Andante elegiaco e allegro con fuaco.
593 1899 1034 1973 Exécutée par l’Auteur.
799 1948 1216 2024 DEUXIÈME PARTIE
607 2005 1399 2095 Les Cloches Nuptiales
813 2076 1034 2143 (Opus 28-
1058 2078 1200 2136 1899).
373 2111 1632 2185 Episode Lyrique pour Soli, Chœurs et Orchestre. — traduction, par
508 2168 1633 2206 M. G. Antheunis, du poème : Bruiloftsklokken, de M. R. Verhulst,
501 2206 1630 2263 à Deurne-lez-Anvers, lauréat du concours des Cantates Flaman-
509 2236 699 2301 des, - 1899.
939 2253 1072 2329 SOLI
1093 2288 1426 2361 Mme EMMA BIRNER
506 2305 1012 2370 La Jeune Fille de Pêcheur
1101 2345 1441 2400 M. ARNOLD RASSE
506 2351 726 2399 Le Récitant
1020 2388 1504 2440 M. LUCIEN HENNUYER
509 2388 833 2445 Le Jeune Pècheur
848 2394 920 2445 .
489 2421 1638 2505 — L'ENTRÉE et la SORTIE se font EXCLUSIVEMENT par les PORTES de la
375 2432 468 2521 AVIS.
495 2489 637 2532 FÄÇADE.
375 2514 1641 2562 Mercr.di; 3 Janvier 1900, Concert avec le concours de M, FÉLIX KWAST, Violoncelle-Solo
497 2546 1377 2590 de l’Orchestre Néerlandais du « Helenow » à Lódz (Pologne Russe)
372 2558 1640 2641 Mercredi, 10 Janvier, SOIREE DE MUSIQUE par la KWARTILAPEL d’Anvers et avec le
498 2611 1156 2647 concours de Mm.r FRNESTA RAICK, Cantatrice.
645 2663 1382 2715 Imprimerie CL. THEBAUT, Place de Meir 18, Anvers.
