1857 2846
680 1614 1330 1716 M. François RASSE.
719 1729 1600 1814 (Notice empruntée à la « Réforme » du 8 novembre 1899).
424 1832 1634 1896 M. François Rasse est notre. concitoyen qui vient d’obtenir le n prix de
390 1873 1000 1930 Rome pour la composition musicale.
425 1919 1636 1979 M. Rasse, né en 1873, fut employé aux chemins de fer vicinaux jusqu’à
391 1950 649 2012 l’âge de 20 ans.
425 2004 1631 2070 Entré au conservatoire de Bruxelles en 1893, il obtint d’emblée : en 1895,
391 2030 1630 2115 le n prix d’harmonie (avec distinction) dans la classe de M. G. Huberti, et
391 2084 1630 2155 en 1896, dans la classe de violon de M. E. Ysaye, le 17 prix avec un con¬
390 2121 1633 2197 certstück de sa composition. Il continua ses études avec M. G. Huberti
399 2171 1633 2239 qui s’intéressa particulièrement à lui et le présenta au concours de Rome
390 2219 1630 2296 en 1897 dans lequel il remporta le second grand prix. La même année,
391 2251 1556 2332 l’Académie couronnait de lui un trio pour piano, violon et violoncelle.
422 2295 1633 2367 Citons parmi les œuvres de M. F. Rasse : une suite champêtre, des
393 2333 1628 2417 esquisses symphoniques et une ouverture dédiée à la Société des concerts
396 2370 1628 2462 Ysaye; en outre, une sonate pour piano, un concerto de violoncelle, 2 qua¬
393 2418 742 2474 tuors à cordes, etc...
417 2462 974 2527 Un nom enfin, et des promesses.
