1807 2733
371 137 1366 257 Société Royale de Zoologie d'Anvers
360 339 1389 410 DIMANCHE 31 DÉCEMBRE 1899
568 422 1179 504 à 3 1/2 heures de l’après midi
240 530 1501 671 CONCERT DE SyMPHONIE
603 665 1151 737 par l'Orchestre de la Société
461 731 1269 827 sous la direction de M. Edward KEURVLS
478 878 1255 999 PROGRA MME
671 996 1058 1080 PREMIÈRE PARTIE
232 1074 1492 1173 i. La Muette de Portici (ouverture)... D. Fr. Auber
237 1170 1445 1287 2. Czar und Zimmermann (fantaisie).... A. Lortzing
360 1238 1181 1314 Soliste : M. F. VAN HAVENBERGHE (trombone).
230 1287 920 1383 3. Loreley (paraphrose).
976 1309 1471 1394 J. Nesvadba
227 1389 1493 1492 4. Les Sourires (valse) E. Waldteufel
669 1484 1070 1585 DEUXIÈME PARTIE
232 1571 920 1677 5. Marche héroïque
1028 1591 1452 1685 H. Waelput
226 1670 1445 1752 6. Mireille (ouverture) Ch. Gounod
230 1741 1456 1846 7. Cavaleria Rusticana (intermezzo).... P. Mascagni
223 1846 1407 1921 8. Coppélia (suite d'orchestre extraite du ballet) L. Delibes
352 1896 742 1959 a) Thème slave varié.
352 1942 873 2002 b) Fête et Valse des Heures.
354 1972 999 2060 c) Musique des Automales et Valse.
354 2026 567 2090 d) Czardas.
227 2068 1479 2179 Mercredi, 3 janvier 1900. Concert avec le concours de M. Félix Kwast,
363 2152 1490 2229 Violoncelle-solo de l'Orchestre Néerlandais du « Helenow» à Lódz
354 2182 647 2237 (Pologne Russe).
227 2210 1479 2288 Mercredi, 10 Janvier, Soirée de Musique par la Kwartetkapel d’Anvers et
357 2264 1236 2314 avec le concours de Mme Ernesta Raick, Cantatrice.
234 2277 423 2344 Mercredi, I
439 2299 1475 2370 janvier : Concert avec le concours de M. Gustave Walther,
355 2332 540 2379 Violoniste.
219 2370 1471 2439 Avis : il est défendu de circuler dans la Salle de Concert pendant les
354 2419 1411 2468 auditions musicales et de retenir des places non occupées.
466 2471 1233 2548 Imprimerie CL. THIBAUT, Place de Meir, 18. Anvers.
