1693 2729
244 234 1242 327 Société Royale de Zoologie d'Anvers
275 384 1228 447 DIMANCHE 14 JANVIER 1900
439 449 1056 534 à 3 1/2 heures de l'après midi
142 565 1360 680 CONCERT DE STMPHONTE
477 674 1026 746 par l'Orchestre de la Société
342 727 1136 809 sous la direction de M. Edward REURVLS
351 828 1132 932 PROGRA MME
551 913 936 999 PREMIÈRE PARTIE
116 984 672 1059 I. Sémiramis (ouverture)
957 979 1287 1064 .. G. Rossini
118 1045 549 1125 2. Sérénade tzigane :
935 1047 1261 1128 W. Nehl
112 1100 393 1182 3. Fantaisie.
990 1105 1374 1187 Em. Wambach
252 1133 848 1220 Violon-solo: M. EDM. DE Hartt.
167 1199 845 1272 Les Prouesses de Polichinellc.
1023 1188 1276 1275 J. Martin
1037 1261 1336 1325 (Chef de Musique au 7
195 1268 938 1331 Scène humoristique — 1° Exécution
1087 1298 1298 1374 Régt de Ligne).
200 1306 412 1358 1. Promenade.
205 1339 592 1396 2. Boutades de Polichinelle.
201 1382 518 1435 3. Chanson burlesque.
208 1405 1194 1467 Voulant se faire valoir, Polichinelle débite une chanson (confiée au basson);
175 1451 1190 1498 malheureusement son régistre ne possède pas le la naturel. H le remplace par
175 1487 1204 1528 un ta bémoi maladroit. Ses compagnons, par ironie, lui font entendre, tui
175 1517 1196 1571 soufflent le fa naturel, mais malgré sa bonne volonte, ses efforts restent in¬
175 1545 1034 1586 fructueux et il ne parvient pas à faire sortir ce la malencontreux.
205 1578 486 1627 4. Danse grotesque.
205 1616 546 1662 5. Polichinelle acrobate.
203 1651 598 1704 6. Le secret de Polichinelle.
203 1685 765 1755 7. Course furibonde et rentrée au logis.
556 1731 952 1815 DEUXIÈME PARTIE
120 1783 1306 1874 5. Marche troyenne H. Berlioz
120 1859 718 1937 6. Le Roi d'Ys (ouverture)
1042 1857 1265 1955 Ed. Lalo
258 1898 1031 1983 Voloncelle-solo: M. Fr. VAN WESENBEECK.
118 1958 1316 2029 7. Médidation (sur le 1e prélude de Bach). Ch. Gounod
121 2019 1324 2103 8. Scènes nabolitaines J. Massenet
208 2077 397 2126 a) La Danse.
208 2106 707 2183 b) La Procession et l’Improvisateur.
211 2153 378 2206 c) La Fête.
156 2184 1379 2279 Mercredi, 17 Janvier : Concert avec le concours de M. G. Walther,
123 2250 318 2307 Voloniste.
156 2266 1379 2345 Mercredi, 24 Janvier : Concert avec le concours de M. H. Everaerts, Vio-
121 2324 1383 2373 loncelliste, 1er prix du conservatoire Royal de Gand, 1899 — et Artiste de
120 2361 323 2411 l'Orchestre
164 2378 1379 2441 Mercredi 31 Janvier, Soirée de Musique par Mme E. Birner, Cantatrice,
123 2413 1380 2472 M. M. F. Rasse, 1er prix de Rome, Conpositeur et Violoniste, E. Bosquet,
123 2468 806 2504 Pianiste et E. Doehaerd, Violoncelliste.
123 2482 1380 2540 Avis : Il est défendu de circuler dans la Salle de Concert pendant les
260 2535 1317 2573 auditions musicales et de retenir des places non occupées.
393 2570 1116 2655 Imprimerie CL. THIBAUT, Place de Meir 18, Anvers.
