1798 2747
340 169 1335 258 Société Royale de Zoologie d'Anvers
461 298 1224 378 MERCREDI 17 JANVIER 1900
654 362 1048 450 à 8 heures du soir
219 457 1464 603 CONCERT DE SyMPHONIE
579 579 1119 646 par l’Orchestre de la Société
445 639 1241 713 sous la direction de M. Edward KEURVLS
632 695 1065 760 et avec le concours de
314 751 1368 840 M. GUSTAVE WALTHER, Violoniste.
456 877 1229 973 PROGRAMME
654 971 1029 1051 PREMIÈRE PARTIE
226 1034 601 1112 I. Schillermarsch
1135 1051 1394 1126 G. Meyerbeer
220 1104 734 1176 2. Fierrabras (ouverture)
1132 1115 1393 1191 Fr. Schubert
220 1163 724 1230 3. Gratulations-Menuett
1129 1168 1475 1243 L. Van Beethoven
217 1221 995 1299 4. Concerto pour violon etennestre
1123 1229 1447 1307 F. Mendelssohn
336 1272 751 1333 a)Allegro molto appassionato
336 1315 863 1379 b) Andante. — allegretto non troppo.
334 1352 668 1410 c) allegro molto vivace.
468 1383 826 1463 M. G. WALTHER.
656 1454 1054 1536 DEUXIÈME PARTIE
220 1510 645 1588 5. Vlasta! (Patrie!)
1126 1519 1441 1605 Ed. Napravnik
309 1574 1149 1641 Ouverture, sur des airs populaires slaves.
223 1628 1375 1705 6. Vltava! (La Moldau) Poème symphonique F. Smetana
256 1686 1469 1739 Deux sources jaillissent dans la forêt de Bohème : l’une est chaude et bouillonnante ; l'autre
226 1714 1475 1770 fraiche et tranquille. Les ondes, en murmurant joyeusement dans les rochers, se réuniss nt et
233 1753 1474 1800 brillent aux rayons du soleil matinal. Traversant les contrées de la Bohème, le rapide.torrent
225 1791 1471 1831 grossit et devient le fleuve Vltava (la Moldau) ; il traverse des foréts épaisses dans lesquelles on
219 1816 1471 1859 entend de plus en plus distinctement le joyeux passage d’une chasse et le son du cor : il traverse
226 1838 1474 1888 des terres basses, riches en prairies, ou l'on célèbre gaiment une noce par des cbants et des
228 1870 1475 1919 danses. La nuit, les nymphes des foréts et des eaux s’ébattent dans les ondes qui étincellent au
228 1906 1475 1947 clair de lune et rellètent de nombreux châteanx-forts, témoins de la splendeur passée, de la
228 1938 1468 1977 chevaterie et de la gloire geurrière disparue. Le fleuve bouillonne dans les rapides de Saint-Jean
226 1961 1475 2005 tourbillonne en cascades, et ses ondes écumantes se frayent violemment passage entre les
240 1989 1472 2034 parois du rocher, pour gagner le large lit dans lequel il coule majestueusement tranquille du
231 2022 1472 2067 côté de Prague; devant le vénérable château -fort de Vyschrad qui lui souhaite la bienvenue,
239 2045 1188 2094 puis disparait dans le lointain où le regard du poète ne peut plus le suivre.
240 2075 629 2156 7. Fantasia (Faust)
1135 2089 1438 2158 H. Wieniawski
478 2117 824 2198 M. G. WALTHER.
233 2184 545 2248 8. Festmarsch
1155 2195 1425 2261 Ant. Dvorak
269 2272 1471 2331 Mercredi, 24 Janvier : Concert avec le concours de M. H. Everaerts, Vio¬
226 2300 1477 2372 loncelliste, 1er prix du Conservatoire Royal de Gand, 1899 — et Artiste de
234 2337 420 2381 l'Orchestre
265 2365 1468 2428 Mercredi 31 Janvier, Soirée de Musique par Mme E. Birner, Cantatrice,
233 2386 1468 2478 M. M. F. Rasse, 1er prix de Rome, Conpositeur et Violoniste, E. Bosquet
240 2437 901 2478 Pianiste et E. Doehaerd, Violoncelliste.
233 2471 1480 2535 Avis : il est défendu de circuler dans la Salle de Concert pendant les
364 2514 1410 2560 auditions musicales et de retenir des places non occupées.
492 2540 1218 2642 Imprimerie CL. THIBAUT, Place de Meir 18, Anvers.
