1843 2706
379 130 1372 230 Société Royale de Zoologie d'Anvers
394 275 1349 394 DIMANCHE 21 JANVIER 1900
569 373 1177 448 à 3 1/2 heures de l’après midi
257 483 1550 614 CONCERT DE SyMPHONIE
607 599 1145 675 par l’Orchestre de la Société
463 655 1266 749 sous la direction de M. Edward REURVELS
477 805 1240 891 PROGRA MME
670 901 1059 977 PREMIÈRE PARTIE
1184 977 1508 1059 Jos. Huybrechts
235 964 710 1068 1. Marche triomphale
1173 1046 1452 1134 F. von Suppé
238 1060 908 1139 2. Leichte Cavalerie (ouverture)
1173 1110 1430 1203 Ch. Gounod
238 1116 683 1192 3. Roméo et Juliette
405 1163 1031 1245 (transcription par J. Dupont).
1173 1226 1428 1311 Joh. Strauss
231 1234 802 1327 4 O schöner Mai! (valse)
678 1320 1070 1402 DEUXIÈME PARTIE
1176 1393 1444 1478 G. Meyerbeer
238 1399 618 1483 5. Schillerma sch
1176 1457 1430 1536 F. Smetana
231 1470 1153 1536 6. Vltava! (La Moldau) Poème symphonique
265 1518 1508 1563 Deux sources jaillissent dans la forêt de Bohème : l'une est chaude et bouillonnante ; l’autre
238 1540 1513 1592 fraiche et tranquille. Les ondes, en murmurant joyensement dans les rochers, se réuniss nt et
243 1589 1507 1627 brillent aux rayons du soleil matinal. Traversant les contrées de la Bohème, le rapide.torrent
235 1624 1510 1658 grossit et devient le fleuve Vltaua (la Moldau), il traverse des forêts épaisses dans lesquelles on
239 1654 1503 1687 entend de plus en plus distinctement le joyeux passage d’une chasse et le son du cor : il traverse
241 1680 1508 1715 des terres basses, riches en prairies, ou l'on célèbre gaiment une noce par des chants et des
241 1707 1503 1748 danses. La nuit, les nvmphes des foréts et des eaux s'ébattent dans les oudes qui étincellent au
238 1740 1513 1777 clair de lune et refletent de nombreux châteanx-forts, témoins de la splendeur passée, de la
243 1762 1507 1802 chevaterie et de la gloire geurrière disparue. Le fleuve bouillonne dans les rapides de Saint-Jean,
235 1793 1503 1831 tourbillonne en cascades, et ses ondes écumantes se frayent violemment passage entre les
247 1828 1507 1862 parois du roc er. pour gagner le large lit dans lequel il coule majestueusement tranquille du
241 1855 1508 1894 côté de Prague, devant le vénérable château-fort de Vyschrad qui lui souhaite la bienvenue,
246 1887 1208 1947 puis disparait dans le lointain où le regard du poète ne peut plus le suivre.
246 1918 806 2003 7. A) Hérodiade (interlude)
1182 1918 1434 1992 J. Massenet
296 1990 1052 2064 B) Virgo Maria (harpe etennestre)
1177 1987 1444 2064 C. Oberthüer
368 2045 867 2119 Harpiste : Melle M. ONTROP.
238 2098 679 2180 8. Espanna (rapsodie)
1168 2085 1430 2165 E. Chabrier
275 2202 1507 2246 Mercredi, 24 Janvier : Concert avec le concours de M. H. Everaerts, Vio¬
238 2229 1508 2276 loncelliste, 1er prix du Conservatoire Royal de Gand, 1899— et Artiste de
235 2268 435 2323 l’Orchestre
271 2295 1507 2348 Mercredi 31 Janvier, Soirée de Musique par Mme E. Birner, Cantatrice,
238 2331 1507 2390 M. M. F. Rasse, 1er prix de Rome, Conpositeur et Violoniste, E. Bosquet,
243 2366 919 2406 Pianiste et E. Doehaerd, Violoncelliste.
239 2388 1507 2450 Avis : il est défendu de circuler dans la Salle de Concert pendant les
373 2438 1439 2485 auditions musicales et de retenir des places non occupées.
495 2477 1248 2568 Imprimerie CL. THIBAUT, Place de Meir 18, Anvers.
