1798 2574
381 96 1384 209 Société Royale de Zoologie d'Anvers
397 256 1360 351 DIMANCHE 28 JANVIER 1900
569 361 1184 451 à 3 1/2 heures de l’après midi
253 466 1499 602 CONCERT DE SymPHONIE
607 612 1151 685 par l’Orchestre de la Société
468 672 1268 754 sous la direction de M. Edward KEURVLS
484 810 1244 927 PROGRA MME
672 923 1066 1020 PREMIÈRE PARTIE
1148 1009 1461 1097 Em. Wambach
225 995 614 1086 I. Marche royale
1150 1091 1426 1167 F. von Suppé
229 1102 806 1178 2. Pique Dame (ouverture)
1143 1164 1403 1265 J. Massenet
225 1175 707 1249 3. Scènes pittoresques
364 1230 870 1297 a) Marche ; b) Ai r de ballet
367 1278 871 1352 c) Angelus; d) Fête bohème.
1145 1324 1407 1412 Joh. Strauss
221 1335 727 1425 4. Burgerweisen (valse)
661 1422 1056 1527 DEUXIÈME PARTIE
1145 1505 1475 1591 F. Mendelssohn
221 1504 742 1611 5. Ruy Blas (ouverture)
1145 1600 1349 1668 Fr. Liszt
220 1595 560 1684 6. Ie Rapsodie
1142 1667 1429 1743 Fréd. Chapin
220 1670 490 1754 7. Nocturne
357 1722 944 1798 Violon-solo: M. EDM. DE Hart.
1137 1771 1382 1858 Léo Delibes
215 1784 598 1871 8. Kassya (ballet)
349 1853 553 1910 I. Obertas.
349 1893 696 1958 2. Danse Ruthène.
349 1942 538 1992 3. Sumka.
351 1983 541 2037 4. Trépak.
250 2065 1478 2113 Mercredi 31 Janvier, Soirée de Musique par Mme E. Birner, Cantatrice,
217 2101 1482 2147 M. M. F. Rasse, 1er prix de Rome, Conpositeur et Violoniste, E. Bosquet,
221 2144 900 2185 Pianiste et E. Dochaerd, Violoncelliste.
250 2174 1478 2214 Mercredi, 7 Février : Concert avec le concours de Mlle M. Walther
213 2203 1482 2252 Cantatrice, à Berlin, et de M. Joh. Schmier, (Basse) du Théâtre Lyrique
213 2244 444 2283 Néerlandais.
245 2275 1478 2334 Mercredi, 14 Février: Concert avec le concours de Mlle M. Ratinckx,
215 2305 406 2353 Cantatrice.
213 2343 1480 2396 Avis : il est défendu de circuler dans la Salle de Concert pendant les
345 2378 1412 2421 auditions musicales et de retenir des places non occupées.
481 2441 1216 2511 Imprimerie CL. THEBAUT, Place de Meir 18, Anvers.
