1738 2615
349 162 1348 280 Société koyale de Zoologie d'Anvers
350 330 1303 420 DIMANCHE 4 TEVRIER 1900
531 432 1147 514 à 3 1/2 heures de l’après midi
201 517 1442 687 CONCERT DE SymPHONIE
567 685 1112 765 par l’Orchestre de la Société
423 742 1235 834 sous la direction de M. Edward REURVLS
435 886 1193 1006 PROGRA MME 3
630 1006 1017 1112 PREMIÈRE PARTIE
189 1103 599 1189 I. Jubel-Ouverture
1106 1108 1367 1207 J. Callaerts
182 1169 853 1268 2. Ariele, die Tochter der Luft
1098 1215 1318 1306 Em. Bach
355 1248 709 1321 (final de l'opéra)
178 1309 921 1398 3. Le Tribut de Lamora (fantaisie)
1095 1348 1356 1438 Ch. Gounod
182 1378 984 1483 4. La Scandinave (mazurka suédoise)
1090 1427 1295 1494 L. Ganne
621 1496 1020 1585 DEUXIÈME PARTIE
179 1573 493 1661 5. Festmarsch
1090 1567 1367 1683 Ant. Dvorak
182 1656 409 1725 6. Hamlet
1098 1684 1402 1783 Edw. Keurvels
218 1713 1221 1801 (introduction pour la tragédie de Shakespeare).
182 1788 773 1875 7. a) Invitation à la Danse
1092 1791 1441 1915 C. M. von Weber
233 1845 823 1929 b) Méditation (opéra Thais)
245 1901 1002 1981 Le solo de violon par M. EDM. DEette
1108 1906 1339 2035 J. Massenet
167 1969 633 2052 8. Le Cid (ouverture)
207 2104 1435 2170 Mercredi, 7 Février : Concert avec le concours de Mlle M. Walther
174 2115 1435 2214 Cantatrice, à Berlin, et de M. Joh. Schmier (Basse) du Théâtre Lyrique
174 2162 401 2215 Néerlandais.
209 2187 1436 2289 Mercredi, 14 Février : Concert avec le concours de Mlle M. Ratinckx,
173 2228 371 2299 Cantatrice.
204 2286 1425 2358 Mercredi 21 Février : Concert sous la direction de Mr Granville,
165 2299 1428 2420 Bantock, Compositeur et Chef d’orchestre aux «Tower-Concerts » à
167 2347 650 2412 New-Brighton (Liverpool).
173 2395 1430 2476 Avis : il est défendu de circuler dans la Salle de Concert pendant les
305 2440 1361 2505 auditions musicales et de retenir des places non occupées.
435 2478 1171 2572 Imprimerie CL. THIBAUT, Place de Meir 18, Anvers.
