1825 2651
345 194 1349 300 Société Royale de Zoologie d'Anvers
470 380 1219 470 DIMANCHE II FÉVRIER 1900
534 459 1153 542 à 3 1/2 heures de l'après midi
215 555 1464 697 CONCERT DE SymPHONIE
560 705 1135 778 par l’Orchestre de la Société
432 764 1248 873 sous la direction de M. Edward KEURVLS
466 919 1219 1037 PROGRA MME 37
647 1042 1040 1148 PREMIÈRE PARTIE
199 1148 1021 1249 I. Czaar und Zimmermann (ouverture)
1164 1137 1417 1244 A. Lortzing
201 1251 949 1350 2. Estudiantina (caprice espagnol)
1169 1267 1401 1339 P. Lacome
201 1352 1121 1450 3. La Fiancée vendue (fantaisie sur l’opéra)
1176 1368 1412 1463 F. Smetana
206 1471 818 1573 4. Lust'ge G'schichten (valse)
1178 1464 1433 1559 Joh. Strauss
648 1578 1042 1668 DEUXIÈME PARTIE
202 1671 836 1780 5. Marche aux flambeaux n° 1
1169 1667 1453 1762 G. Meyerbeer
201 1765 683 1875 6. Lohengrin (prélude)
1165 1782 1463 1866 Rich. Wagner
198 1872 784 1950 7. Deux danses hongroises
1170 1880 1342 1961 F. Behr
288 1934 976 2035 (orchestrées par Edw. Keurvels)
198 2027 895 2124 8. Benvenuto Cellini (ouverture)
1170 2019 1469 2111 Hector Berlioz
236 2144 1475 2223 Mercredi, 14 Février : Concert avec le concours de Mlle M. Ratinckx,
204 2185 408 2247 Cantatrice.
239 2239 1471 2290 Mercredi 21 Février : Concert sous la direction de Mr Granville-
204 2274 1477 2340 Bantock, Compositeur et Chef d'orchestre aux «Tower-Concerts » à
202 2305 686 2361 New-Brighton (Liverpool).
204 2345 1469 2415 Avioi il est défendu de circuler dans la Salle de Concert pendant les
332 2389 1407 2443 auditions musicales et de retenir des places non occupées.
468 2459 1213 2546 Imprimerie CL. THIBAUT, Place de Moir 18, Anvers.
