1830 2651
390 138 1453 228 kouinklijk2 Maatschappij van Dierkunde
415 277 1469 360 WOEN3DAG 14 TEBRUARI 1900
738 354 1119 432 te 8 ure ’s avonds
354 468 1475 570 VMFONISCH CONCER
605 592 1248 661 door het Orkest der Maatschappij
525 647 1345 702 onder de leiding van M. Edward KEURVLS
657 691 1208 770 en met de medewerking van
407 760 1446 853 Mej. Maria RATINCXX, Zangeres.
542 889 1309 988 PROGRAMMA
789 977 1075 1064 EERSTE DEEL.
297 1061 795 1139 I. Harald (openingstuk)
1254 1065 1475 1130 X. Leroux
297 1130 724 1207 2. Dans der Dyinns
1265 1123 1452 1197 E. Reyer
297 1202 1244 1262 3. De spinnende Omphale (symfonisch gedicht
1266 1182 1556 1268 C. Saint-Saëns
1262 1243 1557 1296 VERLEIDING, de zege¬
416 1251 1243 1292 Het onderwerp van dit symfonisch gedicht is de VROUWELIJKE
297 1284 1557 1321 vierende strijd van de zwakheid tegen de kracht. Het SPINNEwiEL is slechts een voorwendsel
302 1312 1559 1350 onder het opzicht van den rhythmus en den algemeenen bouw van het werk. Verders verbeelde
302 1345 1559 1411 men zich Hereules zuchtend in banden welke hij te vergeefs tracht te verbreken, en Omphale
302 1375 999 1433 spottend om de vruchtelooze pogingen van den held.
1265 1408 1475 1483 M. Grétry
295 1417 817 1486 4. Zémire et Azor (Aria)
462 1463 870 1546 Mej. M. RATINCXX.
782 1537 1079 1633 TWEEDE DEEL.
1167 1576 1246 1626 5,3
297 1611 1131 1686 5. Janie (voorspel van het lyrisch drama)
1265 1601 1563 1699 E. J. Dalcroze
300 1683 817 1757 6. Elzassische tooneelen
1266 1684 1508 1763 J. Massenet
431 1733 756 1796 a) Zondagmorgen.
432 1780 757 1838 b) In de Tapperij.
434 1809 1061 1856 c) Onder de Linden (liefdetooneel).
399 1838 1167 1896 Solisten: HH. FR. VAN WESENBEECK (cello)
500 1882 958 1934 en J. CoOTMANS (clarinet).
429 1928 949 1989 d) Zondagavond (de Taptoe).
305 1958 1200 2060 7. Les Noces de Jeannette (Nachtegaal-aria)
1259 1947 1457 2041 V. Massé
465 2028 874 2112 Mej. M. RATINCXX.
1251 2024 1373 2101 5,1
1177 2046 1233 2110 d. M.
300 2088 786 2160 8. Trojaansche marsch
1254 2088 1556 2164 Hector Berlioz
343 2186 1552 2225 Woensdag 21 Februari: Concert onder de leiding van Mr Granville-
306 2208 1554 2269 Bantock, Toondichter en Orkestbestuurder bij de ’Tower-Concerten»
302 2253 815 2299 te New-örighton (Liverpool).
335 2289 1548 2336 Woensdag, 28 Februari: Concert met de medewerking van Mev. Lund¬
305 2329 713 2388 gren-Piqueur, Zangeres.
300 2341 1549 2421 Bericht: Het is verboden in de Concertzaal te wandelen gedurende
432 2415 1554 2459 de muziekuitvoeringen. Niet ingenomen plaatsen mogen niet
432 2448 839 2494 voorbehouden worden.
555 2479 1298 2575 Drukkerij CL. TIIIBAUT Meirplaats 18, Antwerpen.
