1780 2702
342 160 1352 268 Société Royale de Zoologie d'Anvers
471 309 1227 391 DIMANCHE 18 FÉVRIER 1900
538 380 1151 455 à 3 1/2 heures de l'après midi
218 474 1451 610 CONCERT DE SyMPHONIE
560 602 1136 667 par l'Orchestre de la Société
433 637 1247 733 sous la direction de M. Edward KEURVLS
446 755 1224 860 PROGRAMME 33
643 849 1026 940 PREMIÈRE PARTIE
204 905 618 1002 I. Marche grecque
1159 911 1368 998 L. Ganne
206 971 1035 1056 2. Les joyeuses Commères de Windsort,
1166 982 1415 1060 Otto Nicolaï
199 1043 712 1114 3. a) Danse des Djinns
1161 1040 1348 1114 E. Reyer
254 1093 802 1178 b) La Colombe (entr'acte)
1164 1093 1402 1164 Ch. Gounod
201 1148 480 1231 4. Polyeucte
1158 1153 1393 1246 Edg. Tinel
248 1183 1242 1274 (suite d’orchestre pour la tragédie de Corneille)
242 1260 1231 1346 2° Partie : La Fête dans le temple de Jupiter
334 1302 529 1362 a) Cortège
334 1346 522 1391 b) Danses
339 1351 1217 1442 c) Irruption soudaine de Polyeucte et de Néarque
640 1420 1034 1503 DEUXIÈME PARTIE
196 1478 822 1573 5. Der Freischütz (ouverture)
1120 1479 1454 1561 C. M. von Weber
198 1541 1139 1627 6. Le Rouet d’Omphale (poème symphonique)
1161 1551 1461 1625 C. Saint-Saëns
315 1613 1456 1658 Le sujet de ce poème symphonique est la séduclion féminine, la lutte triomphante de
199 1647 1457 1688 la faiblesse contre la force. Le ROUET n'est qu'un prétexte, choisi seulement au point de vue du
201 1682 1456 1722 rythme et de l'alluregénérale du morceau. Au cours de l’œuvre, on voit Hercule gémissant dans
201 1705 1158 1760 les liens qu'il ne peut briser, Omphale raillant les vains efforts du héros.
204 1738 659 1812 7. Scènes alsaciennes
1164 1746 1409 1821 J. Massenet
334 1793 675 1850 a) Dimanche matin
331 1835 588 1878 b) Au Cabaret
334 1857 960 1912 c) Sous les Tilleuls (scène d’amour)
303 1897 1164 1961 Solistes: MM. FR. VAN WESENBECK ( Violoncelle)
400 1937 858 1992 et J. CoOTMANS (clarinette)
334 1978 863 2046 d) Dimanche soir (la Retraite)
1147 1980 1315 2099 the end
196 2021 606 2093 8. Adagio et Valse
328 2069 1018 2144 (du ballet : La Fête des Fleurs)
336 2127 916 2198 Violon-solo: M. EDM. DElandt
231 2218 1453 2261 Mercredi 21 Février : Concert sous la direction de Mr Granville-
201 2253 1450 2312 Bantock, Compositeur et Chef d’orchestre aux «Tower-Concerts » à
199 2283 671 2333 New-Brighton (Liverpool).
231 2328 1440 2394 Mercredi, 28 Février : Concert avec le concours de Mme Lundgren¬
201 2359 555 2421 Piqueur, Cantatrice.
196 2406 1450 2479 Avis : il est défendu de circuler dans la Salle de Concert pendant les
328 2450 1382 2507 auditions musicales et de retenir des places non occupées.
463 2488 1195 2582 Imprimerie CL. THEBAUT, Place de Meir 18, Anvers.
