1711 2647
304 206 1310 323 Société Royale de Zoologie d'Anvers
697 304 878 378 Druck
426 358 1171 454 DIMANCHE 4 MARS 1900
498 443 1113 534 à 3 1/2 heures de l’après midi
183 526 1425 675 CONCERT DE SymPHONIE
525 659 1099 739 par l'Orchestre de la Société
392 725 1218 835 sous la direction de M. Edward REURVELS
426 878 1196 971 PROGTAMME 33
607 1034 999 1127 PREMIÈRE PARTIE
167 1160 642 1244 I. Mignon (ouverture)
973 1154 1278 1244 Amb. Thomas.
170 1248 596 1310 2. Danse hongroise
965 1247 1373 1324 Arm. Timmermans.
169 1307 932 1381 3. I Medici (transcription de l’opéra)
960 1300 1285 1386 R. Leoncavallo.
169 1363 621 1477 4. Marche solennelle
968 1370 1289 1444 Henri Willems.
610 1508 1002 1589 DEUXIÈME PARTIE
170 1649 905 1713 5. Le vaisseau fantôme (ouverture)
965 1638 1270 1720 Rich. Wagner
167 1712 459 1791 6. a) Scherzo
965 1713 1283 1791 Flor. Alpaerts.
222 1786 812 1852 b) Dernier amour (czardas)
971 1773 1211 1855 Jos Gung'l.
971 1844 1307 1918 Fr. von Flotow.
169 1843 578 1923 7. Indra (santaisie)
303 1901 1010 1966 Solistes: M.M. EDM. DE Hart (Violon
377 1956 842 2024 et J. CoOTMANS (clarinette)
971 1996 1319 2104 Em. Waldteufel.
169 2007 561 2104 8. Valse militaire
205 2133 1434 2191 Mercredi, 7 mars : Concert avec le concours de Mlle Louise Brass,
175 2177 979 2241 (Cantatrice) et de M. Jean Mesuere, (Ténor).
206 2230 1442 2301 Mercredi 14 Mars: Concert avec le concours de M. Edmond De Herdt,
177 2290 1441 2374 1er Prix du Concervatoire Royal de Bruxelles, Violon-solo de
177 2336 615 2415 l’Orchestre de la Société.
177 2375 1441 2461 Avis : il est défendu de circuler dans la Salle de Concert pendant les
312 2457 1371 2517 auditions musicales et de retenir des places non occupées.
446 2506 1174 2612 Imprimerie CL. THIBAUT, Place de Meir 18, Anvers.
