1729 2615
308 208 1317 343 Société Royale de Zoologie d'Anvers
420 369 1195 462 DIMANCHE 18 MARS 1900
542 451 1081 531 à 3 1/2 heures de l'après-midi
231 544 1437 704 CONCERT DE SymPHONIE
523 690 1145 752 par l'Orchestre de la Société
398 746 1224 826 sous la direction de M. Edward REURVELS
435 855 1187 981 PROGRA MME
613 1007 1007 1086 PREMIÈRE PARTIE
172 1063 613 1169 I. Marche troyenne
176 1156 888 1235 2. Le Roi de Lahore (ouverture)
175 1222 967 1296 3. a) La légende du Pauvre homme
236 1278 856 1350 prélude du 2me acte de l'opéra
338 1325 927 1389 « Le Joueur de Mandoline »
233 1386 523 1456 b) Habanera
175 1427 887 1514 4. Henri VIII (ballet de l'opéra)
316 1498 924 1565 a) congression Entrée des Clans
314 1544 653 1594 b) Idylle écossaise
318 1581 717 1623 c) Danse de la Gipsy
316 1610 643 1689 d) Gigue et Final.
617 1652 1010 1740 DEUXIÈME PARTIE
175 1726 864 1840 5. Charlotte Corday (ouverture)
172 1814 654 1910 6. Danse bohémienne
176 1881 993 1984 7. Fantaisie sur des motifs espagnols
175 1963 686 2051 8. Künstlerleben (valse)
1099 1076 1413 1150 Hector Berlioz
1099 1140 1406 1220 J. Massenet
1102 1206 1394 1312 E. Pauldupin
1100 1357 1427 1431 Emm. Chabrier
1099 1424 1458 1530 Cam. Saint-Saëns
1107 1716 1370 1814 Peter Benoit
1108 1798 1373 1894 G. Meyerbeer
1107 1891 1416 1973 F. A. Gevaert
1119 1953 1270 1998 G.H. de Stadt
1110 1982 1365 2056 Joh. Strauss
207 2072 1461 2130 Mercredi 21 courant: Concert avec le concours de Melle Mathilde Ontrop,
175 2114 1461 2167 Harpiste de l’Orchestre de la Société, et de Mr Johan Schmier, Basse du
180 2162 702 2216 Théâtre Lyrique Néerlandais.
217 2186 1451 2264 Mercredi 28 courant : Pour la clôture des Concerts d’Hiver :
180 2255 1456 2319 Exécution du REQUIEM et du DRAMA CHRISTI de Peter
175 2303 1459 2375 Benoit, pour Soli, Petit Chæur, Chœurs, Orgue et Orchestre.
175 2346 1458 2428 Avis : Il est défendu de circuler dans la Salle de Concert pendant les
314 2406 1318 2455 auditions musicales et de retenir des places non occupées.
436 2455 1208 2550 Imprimerie Cr.. THIBAUT, Place de Meir, 18, Anvers
