1780 2702
396 222 1319 325 Société Royale de Zoologie d’Anvers
235 304 1480 388 (b) 3,3,9,40). Männerin og.
352 415 1354 504 JEUDI-3 MAI 1900, A 8 HEURES DU SOIR
251 520 1480 725 Concert de Symphonie
336 750 1398 848 PAR L’ORCHESTRE DE LA SOCIÉTÉ
402 864 1319 943 sous la direction de M. EDW. REURVéeLS
816 974 908 1080 FJ
659 1072 1070 1192 programme
761 1207 962 1275 irc PARTIE
1110 1278 1434 1354 G. MEYERBER
232 1277 1036 1362 1. Marche du Sacre (opéra Le Prophète)
1111 1343 1422 1417 PETER BENOIT
232 1345 705 1422 2. Salut humoristique.
1113 1400 1460 1471 M. Moszkowski
229 1406 916 1467 3. Trois danses espagnoles.
1108 1458 1392 1537 J. MASSENET
232 1461 924 1549 4. Le Roi de Lahore (ouverture)
768 1540 966 1614 2e PARTIE
1110 1609 1496 1677 P. TsCHAïK0WSY
232 1622 826 1685 5. Marche du couronnement
1108 1672 1449 1750 RICH. WAGNER
233 1677 928 1759 6. Rienzi (ouverture de l’opéra)
238 1739 1040 1821 7. Coppélia (suite d’orchestre extraite
1110 1789 1401 1869 LÉO IELIBES
396 1794 610 1868 du ballet)
356 1851 805 1932 a) Thème slave varié
358 1914 939 1986 b) Fête et Valse des Heures
361 1973 1081 2052 c) Musique des Automates et Valse
359 2030 602 2117 d) Czardas
235 2150 1504 2216 Dimanche 6 Mai, à 3 1/2 hs de l'après-midi : Concert par la Musique du
405 2199 1307 2243 6e Régiment de Ligne, sous la direction de M. J. DELAET.
463 2234 1497 2309 A 8 hs du soir : Concert de Symphonie par l’Orchestre de la Société,
402 2284 1042 2353 sous la direction de M. EDW. REURVLS.
787 2334 958 2413 xykäs
299 2383 1496 2457 N. B. — On ne pourra retenir sous aucun prétexte des chaises ou des places
240 2454 1034 2503 non occupées, ni déplacer le mobilier des terrasses.
307 2490 1237 2571 En cas de mauvais temps, les auditions ont lieu dans la salle,
241 2628 2701 2701 Ri. Vic. Theula — Amera./. Kirchenstr. Kirche u. Albrechtb. - Zeugen: Albreiben der Kaffenkreiben aufgebracht.
