1807 2729
384 199 1310 289 Société Royale de Zoologie d'Anvers
222 297 1456 381 J-A.C. M A. M.. M. M. A. A.. B geb. R. Fördern
315 382 1370 475 Dimanche 20 Mai 1900, à 8 h. du soir
253 508 1471 712 Concert de Symphonie
334 721 1391 813 PAR L'ORCHESTRE DE LA SOCIÉTÉ
371 813 1350 926 sous la direction de M. accavo KEURVELS
811 918 904 1032 FJ
659 1072 1071 1186 programme
761 1196 956 1255 1re PARTIE
1095 1282 1338 1344 H. TOKKIE
227 1291 665 1361 I. Picquart-Marche
1100 1338 1401 1414 J. GODEFROID
238 1349 702 1420 2. Diatesté (ouverture)
1102 1394 1360 1473 GAB. SEBEC
230 1401 966 1470 3. Dans le Soudan (scène orientale).
1095 1454 1360 1532 J. JANSSENS
232 1456 862 1555 4. Souvenir d'Italie (fantaisie)
764 1526 960 1627 2e PARTIE
1100 1621 1442 1690 FR. A. Gevaert.
233 1622 1029 1692 5. Le Château Trompette (ouverture)
1102 1678 1419 1750 FR. SCHUBERT.
232 1690 754 1764 6. Marguerite au Rouet.
1102 1734 1383 1809 J. MASSENET
239 1745 973 1826 7. Esclarmonde (suite d'orchestre)
376 1805 586 1863 a)Hyménée.
374 1852 654 1910 b) L'Ile magique.
382 1892 594 1955 c) Evocation.
1091 1922 1493 2003 J. M. ECHEVERRIA
679 1950 1021 2011 * * * *..
239 1934 657 2018 8.Ascension (valse)
239 2070 1366 2130 Concerts de Symphonie : Les Jeudis et Dimanches à 8 heures du soir.
241 2108 1490 2181 Concerts militaires (Harmonie): Les Lundis, Mercredis, Jeudis, Samedis et
410 2166 1391 2245 Dimanches, à 3 1/2 hs de l’après-midi ; les Mardis à 8 h¬ du soir.
788 2225 959 2300 ¬
309 2310 1485 2366 N. B. — On ne pourra retenir sous aucun prétexte des chaises ou des places
250 2351 1021 2408 non occupées, ni déplacer le mobilier des terrasses.
306 2391 1213 2456 En cas de mauvais temps, les auditions ont lieu dans la salle.
252 2512 555 2603 Etabl. Vve. Theunis. — Anvers.
