1793 2733
351 262 1330 359 Société Royale de Zoologie d'Anvers
185 359 1423 431 den wden M.. M.C. M. M..C. R. Mg. M./.
270 455 1340 560 Jeudi 24 Mai 1900, à 8 heures du soir
226 596 1434 792 Concert de Symphonie
281 816 1337 902 PAR L’ORCHESTRE DE LA SOCIÉTÉ
325 913 1304 1006 sous la direction de M. accavo KEURuss
761 1021 853 1120 etc.
604 1158 1012 1274 programme
701 1283 904 1362 1re PARTIE
168 1371 508 1450 I. Feestmarsch
813 1395 911 1470 ..
1023 1391 1376 1461 J. HUYBRECHTS
168 1439 568 1501 2. Jubel-Ouverture
1021 1443 1322 1511 J. CALLAERTS
169 1489 1322 1558 3. Loin du pays (valse tzigane)... ROD. BERGER
163 1537 722 1617 4. Faust (ballet de l’opéra).
748 1547 921 1619 ..
991 1541 1308 1622 CH. GOUNOD
704 1611 904 1702 2e PARTIE
168 1705 613 1779 5. Marche hongroise.
1021 1710 1404 1784 HECTOR BERLIOZ
165 1773 678 1842 6. Euryanthe (ouverture)
1017 1763 1428 1834 C. M. VONWEBER
761 1730 922 1845 ..
163 1817 667 1870 7. Gratulations-Menuet.
1015 1817 1426 1895 L. VAN BEethoven
163 1862 660 1928 8. Scènes Napolitaines.
1023 1867 1307 1953 J. MASSENET
264 1914 475 1967 a) La Danse
265 1959 836 2013 b) La Procession et l’Improvisateur
264 1995 446 2071 c) La Fête
160 2130 1296 2181 Concerts de Symphonie : Les Jeudis et Dimanches à 8 heures du soir.
160 2174 1418 2221 Concerts militaires (Harmonie): Les Lundis, Mercredis, Jeudis, Samedis et
328 2212 1316 2298 Dimanches, à 3 1/2 hs de l'après-midi ; les Mardis à 8 hs du soir.
813 2278 878 2344 ye
701 2273 795 2348 Wee
223 2350 1421 2405 N. B. — On ne pourra retenir sous aucun prétexte des chaises ou des places
160 2386 943 2454 non occupées, ni déplacer le mobilier des terrasses.
226 2438 1151 2512 En cas de mauvais temps, les auditions ont lieu dans la salle.
160 2541 466 2623 Etabl. Vve. Theunis. — Auvers.
