1834 2697
419 224 1341 334 Société Royale de Zoologie d’Anvers
799 320 1494 413 den wärtigen k.k.s.t. wäreisesti wärttu-
247 326 623 399 A. W. A. von A.A. v. H. Mg.
637 323 804 407 o
285 416 1458 514 Dimanche 27 Mai 1900, à 8 heures du soir
306 575 1475 747 Concert de Symphonie
337 761 1411 864 PAR L'ORCHESTRE DE LA SOCIÉTÉ
385 873 1368 982 sous la direction de M. accavo KEURVélS
826 990 921 1084 26
678 1136 1088 1252 programme
769 1278 969 1357 tre PARTIE
1148 1373 1393 1449 G. Rossini
233 1367 988 1444 I. Sémiramis (ouverture)
883 1431 1464 1523 EM. CHABRIER
238 1433 683 1515 2. L’Etoile (fantaisie)
1124 1496 1345 1568 G. AsCH
881 1499 995 1568 ..
241 1502 700 1572 3. Patrouille anglaise
1132 1549 1449 1642 J. OFFENBACH
883 1553 1064 1649 ..
235 1560 624 1641 4. Réminiscences
776 1649 979 1717 2e PARTIE
1118 1735 1378 1813 REISSIGER
235 1732 1095 1833 5. Die Felsenmühle (ouverture).
1116 1799 1398 1876 P. LACOME
238 1806 520 1885 6. Sékoviane
1116 1857 1434 1934 CH. GOUNOD
233 1862 968 1931 7. Le Tribut de Lamora (fantaisie).
1056 1914 1505 1996 E. WALDTEUFEL
233 1923 957 2014 8. Toujours ou Jamais (valse).
232 2055 1368 2133 Concerts de Symphonie : Les Jeudis et Dimanches à 8 heures du soir.
233 2117 1499 2174 Concerts militaires (Harmonie): Les Lundis, Mercredis, Jeudis, Samedis et
410 2167 1398 2241 Dimanches, à 3 1/2 hs de l’après-midi ; les Mardis à 8 hs du soir.
785 2240 958 2320 R.T.I.
295 2319 1502 2383 N. B. — On ne pourra retenir sous aucun prétexte des chaises ou des places
238 2369 1025 2421 non occupées, ni déplacer le mobilier des terrasses.
296 2394 1226 2465 En cas de mauvais temps, les auditions ont lieu dans la salle.
238 2514 541 2607 Etabl. Vve. Theunis.— Anvers.
