1789 2683
350 174 1272 267 Société Royale de Zoologie d’Anvers
182 272 1421 354 (4,7) UudestoAuksi, ettäs-
275 346 1337 436 Jeudi 31 Mai 1900, à 8 heures du soir
194 452 1432 627 Concert de Symphonie
278 676 1347 747 PAR L’ORCHESTRE DE LA SOCIÉTÉ
324 791 1306 879 sous la direction de M. accavo KEURVELS
761 883 859 977 xx
606 996 1017 1118 programme
709 1122 905 1209 1re PARTIE
1069 1214 1440 1288 F. MENDELSSOHN
178 1219 603 1295 I. Marche Nuptiale.
1066 1272 1321 1342 F. HÉROLD
174 1277 965 1347 2. Le Pré aux Clercs (ouverture).
1069 1326 1359 1404 K. HANSSENS
177 1332 445 1397 3. Fantaisie
259 1369 999 1441 sur des airs populaires de tous pays
1064 1415 1422 1498 THÉO CHARLiER
177 1430 684 1503 4. Adagio et Valse..
259 1476 857 1541 (du ballet La Fête des Fleurs)
260 1527 785 1598 Violon-Solo: M. Edm. De Herdt
714 1598 917 1683 2e PARTIE
1066 1670 1340 1754 FR. J. FÉTIS
174 1689 717 1767 5. Ouverture de Concert
832 1675 927 1757 .
1072 1738 1402 1800 RICH. WAGNER
177 1749 665 1817 6. Lohengrin (prélude).
1069 1784 1329 1871 EDG. TINEL
186 1798 998 1868 7. Polyeucte (No 2 dela suite d'orchestre)
259 1842 868 1920 Fête dans le Temple de Jupiter
276 1898 456 1954 a) Cortège
270 1940 452 1994 b) Danses
276 1973 1067 2040 c) Irruption soudaine de Polycucte et de Néarque
1069 1984 1407 2098 EM. WAMBACH
172 2029 597 2098 8. Marche du Sacre
174 2136 1317 2202 Concerts de Symphonie : Les Jeudis et Dimanches à 8 heures du soir.
174 2196 1443 2254 Concerts militaires (Harmonie): Les Lundis, Mercredis, Jeudis, Samedis et
343 2245 1337 2289 Dimanches, à 3 1/2 hs de l’après-midi ; les Mardis à 8 hs du soir.
756 2297 898 2357 3,4,###3
238 2338 1449 2412 N. B. — On ne pourra retenir sous aucun prétexte des chaises ou des places
180 2400 961 2468 non occupées, ni déplacer le mobilier des terrasses.
240 2433 1167 2499 En cas de mauvais temps, les auditions ont lieu dans la salle.
186 2553 489 2627 Etabl. Vve. Thounis. — Anver.
