1825 2692
426 175 1341 293 Société Royale de Zoologie d'Anvers
256 271 1490 357 (4) 3,3. rt. A. M. M.. M.C.A. 1/3. nr 3.
287 393 1471 463 Dimanche 3 Juin 1900, à 8 heures du soir
307 494 1308 670 Concert de Sympho
1373 541 1465 669 14.
354 722 1412 798 PAR L’ORCHESTRE DE LA SOCIÉTÈ
397 848 1375 927 sous la direction de M. Epivant DEURVéLS
837 979 921 1071 xx
694 1102 1094 1225 Trogramme
778 1224 977 1323 tre PARTIE
256 1339 994 1411 I. Le Cheval de Bronze (ouverture)
1124 1331 1434 1420 D. FR. AUBER
251 1397 940 1467 2. Dans les Jasmins (valse lente).
1119 1401 1507 1475 A. DE TRABADELO
254 1456 773 1535 3. Le Caïd (transcription)
1118 1461 1370 1542 A. THOMAS
254 1518 761 1609 4. Marche républicaine
1119 1512 1426 1607 GABR.ALLIER
784 1593 980 1677 2e PARTIE
263 1671 1038 1758 5. Le Capitaine Henriot (ouverture).
1118 1691 1440 1768 F. A. Gassaert
1116 1752 1447 1825 G. MEYERBEER
256 1747 828 1828 6. Les Huguenots (fantaisie)
1118 1808 1439 1895 W. A. MoZART
257 1807 775 1888 7. Mon cœur soupire.....
860 1794 918 1878 .
387 1860 998 1944 (romance des Noces de Figaro)
254 1920 846 2019 8. Wendische Weisen (valse)
1119 1917 1404 2014 Joz. GUNG'L
257 2064 1386 2128 Concerts de Symphonie : Les Jeudis et Dimanches à 8 heures du soir.
256 2120 1506 2181 Concerts militaires (Harmonie): Les Lundis, Mercredis, Jeudis, Samedis et
424 2162 1400 2249 Dimanches, à 3 1/2 hs de l'après-midi ; les Mardis à 8 hs du soir,
793 2231 960 2315 e
321 2301 1514 2393 N. B. — On ne pourra retenir sous aucun prétexte des chaises ou des places
256 2362 1027 2418 non occupées, ni déplacer le mobilier des terrasses.
318 2404 1230 2483 En cas de mauvais temps, les auditions ont lieu dans la salle.
262 2519 558 2589 Etabl Vve. Theunis. — Anver.
