1802 2711
350 298 1249 400 Société Royale de Zoologie d’Anver
185 403 1416 480 kauppuudestoimistoimis. Rauho-
276 486 1335 554 Jeudi 7 Juin 1900, à 8 heures du soir
193 582 1430 787 Concert de Symphonie
289 806 1331 883 PAR L’ORCHESTRE DE LA SOCIÉTÉ
324 909 1295 1007 sous la direction de M. accavo KEURVELS
760 1034 855 1121 FJ
622 1159 1016 1280 programme
709 1298 905 1363 1re PARTIE
1082 1365 1338 1454 FERD. RIES
176 1382 925 1468 I. Die Räuberbraut (ouverture).
1082 1437 1431 1513 S. MARCADANTE
181 1453 522 1513 2. Guiramento
264 1496 863 1568 (prélude et chœur de l'opéra)
1000 1539 1409 1627 M. IW. GLernka
181 1553 851 1639 3. Capricio (Jota Aragonesa)
1074 1616 1391 1695 JULES SCHREY
781 1636 1034 1701 - -...
182 1624 525 1707 4. Feestmarsch.
709 1697 909 1768 2e PARTIE
1085 1777 1372 1851 PAUL GILSON
181 1794 715 1868 5. Fanfare inaugurale
1081 1840 1391 1910 PETER BENOIT
182 1857 458 1927 6. Mazurka
1081 1896 1411 1971 RICH. WAGNER
182 1916 525 1981 7. Lohengrin.
261 1961 843 2033 (transcription de J. Dupont)
1076 1988 1300 2089 FR. LiszT
179 2024 829 2104 8. Rapsodie hongroise (No II)
185 2149 1298 2228 Concerts de Symphonie : Les Jeudis et Dimanches à 8 heures du soir.
187 2212 1425 2260 Concerts militaires (Harmonie): Les Lundis, Mercredis, Jeudis, Samedis et
350 2249 1321 2330 Dimanches, à 3 1/2 hs de l'après-midi ; les Mardis à 8 hs du soir.
722 2326 892 2402 e
244 2384 1426 2464 N. B. — On ne pourra retenir sous aucun prétexte des chaises ou des places
188 2456 960 2506 non occupées, ni déplacer le mobilier des terrasses.
244 2484 1155 2547 En cas de mauvais temp, les auditions ont lieu dans la salle.
188 2646 2710 2710 Etabl Vve. Theunis. — Ansert
