1766 2711
392 312 1312 422 Société Royale de Zoologie d’Anvers
226 413 1460 500 den wden amunstelangt, ettärksteluksesti
425 509 1278 602 Jeudi 14 Juin 1900, à 8 heures du soir
247 648 1474 836 Concert de Symphonie
318 845 1381 937 PAR L’ORCHESTRE DE LA SOCIÉTÉ
371 926 1346 1019 sous la direction de M. accavo KEURVELS
816 1025 900 1131 xx
655 1145 1058 1272 programme
751 1284 951 1356 Gré PARTIE
220 1373 720 1457 I. Römischer Carnaval
1061 1385 1365 1463 HANS HUBER
814 1391 921 1455 "
219 1443 808 1522 2. Néerlande! (ouverture)
1073 1444 1353 1517 W. DE MOL
222 1503 549 1570 3. a) Sérénade
1066 1502 1371 1581 H. Z. KAANUW
275 1557 906 1632 b) Deux danses bohémiennes
1066 1561 1281 1626 Joz. Low
220 1606 641 1694 4. joyeux cortège
1052 1613 1471 1699 LOD. MORTELMANS
759 1694 951 1778 2e PARTIE
220 1785 997 1869 5. Schillermarsch
1007 1793 1395 1868 D. G. MEYERBER
225 1852 503 1919 6. Fantaisie
959 1849 1385 1922 EM. WAMBACH
360 1906 890 1967 Violon-solo: M. Em. De Herdt.
222 1928 1469 2018 7. Invitation à la Danse. C. M. VONWEBER
226 2012 760 2090 8. Tannhäuser-Ouverture
895 2006 1393 2113 RICH. WAGNER
225 2119 1333 2192 Concerts de Symphonie : Les Jeudis et Dimanches à 8 heures du soir.
226 2180 1460 2238 Concerts militaires (Harmonie): Les Lundis, Mercredis, Jeudis, Samedis et
391 2226 1356 2273 Dimanches, à 3 1/2 hs de l'après midi ; les Mardis à 8 hs du soir.
760 2283 934 2364 xx
290 2345 1461 2426 N. B. — On ne pourra retenir sous aucun prétexte des chaises ou des places
226 2406 997 2454 non occupées, ni déplacer le mobilier des terrasses.
284 2429 1198 2513 En cas de mauvais temps, les auditions ont lieu dans la salle.
233 2564 524 2639 Etabl Vve. Theunis. — Auverd
