1825 2619
367 196 1284 304 Société Royale de Zoologie d'Anvers
200 283 388 365 B.A.T.S.
384 302 1427 385 (3,3) 3,3, rt. wih. M. A. og A. wieder wenn auf-
334 396 1291 475 Dimanche 17 Juin 1900, à 8 heures du soir
221 547 1457 720 Concert de Symphonie
287 738 1352 829 PAR L'ORCHESTRE DE LA SOCIÉTÉ
329 836 1314 912 sous la direction de M. accavo KEURVELS
764 899 860 1021 FJ
628 1016 1021 1136 programme
711 1167 915 1247 tre PARTIE
179 1256 655 1330 I. Marche du Progrès.
1068 1237 1391 1334 H. VAN GAEL
171 1322 893 1396 2. Fra Diavolo (ouverture).
979 1327 1392 1405 D. FR. AUBER
171 1389 913 1466 3. La Fiancée vendue (fantaisie).
1051 1397 1363 1464 FR. SMETANA
171 1457 861 1562 4. Dernier amour (czardas).
1054 1458 1342 1547 Joz. GUNG'L
713 1549 912 1643 2e PARTIE
174 1652 971 1723 5. Le Carnaval de Venise (ouverture)
1059 1643 1372 1726 AMB. THOMAS
166 1712 533 1792 6. a) Loin du bal
1053 1713 1320 1789 EM. GILLET
227 1770 847 1850 b) Le Rendez-vous de Chasse
974 1779 1309 1847 . G. RossINI
177 1834 688 1905 7. Hérodiade (fantaisie)
1056 1837 1339 1928 J. MASSENET
171 1901 749 1989 8. Dolorès (valse espagnole)
1020 1901 1427 1997 E. WALDTEUFEL
904 1906 965 2014 .
171 2020 1305 2097 Concerts de Symphonie : Les Jeudis et Dimanches à 8 heures du soir.
171 2086 1427 2144 Concerts militaires (Harmonie): Les Lundis, Mercredis, Jeudis, Samedis et
334 2130 1316 2194 Dimanches, à 3 1/2 hs de l’après-midi ; les Mardis à 8 hs du soir.
713 2177 885 2269 Mikkeis
230 2251 1427 2321 N. B. — On ne pourra retenir sous aucun prétexte des chaises ou des places
166 2315 949 2371 non occupées, ni déplacer le mobilier des terrasses.
229 2342 1153 2420 En cas de mauvais temps, les auditions ont lieu dans la salle.
172 2456 473 2537 Etabl. Vve. Theunis. — Antona
