1789 2692
392 216 1306 329 Société Royale de Zoologie d’Anvers
221 309 663 390 R. M. R. S. A. P. F.
658 326 797 384 3,3,44
814 316 877 406 53
937 330 1453 395 † ̃  ==================̃
415 403 1272 490 Jeudi 21 Juin 1900, à 8 heures du soir
249 517 1114 691 Concert de Sym
1126 567 1433 708 phonie
310 747 1374 824 PAR L’ORCHESTRE DE LA SOCIÉTÉ
357 825 1342 912 sous la direction de M. accavo KEURVELS
799 923 879 1016 ee
645 1046 1053 1164 programme
738 1165 933 1234 tre PARTIE
202 1237 1040 1317 I. La chasse du Jeune Henri (ouverture)
1123 1244 1427 1327 E. N. MÉHUL
199 1317 1092 1385 2. Fantaisie sur des mél odies canadiennes.
1123 1308 1414 1397 PAUL GILSON
202 1360 534 1428 3. a) Sérénade
1121 1383 1475 1471 AUG. DE BOECK
252 1391 924 1477 b) Rhapsodie dahoméenne.
199 1455 1004 1541 4. Marche nuptiale de « Lohengrin ».
1085 1461 1453 1558 RICH. WAGNER
739 1541 935 1607 2e PARTIE
196 1596 648 1679 5. Hamlet (ouverture)
753 1601 1430 1687 A. STADTFELT
199 1665 644 1734 6. Danse des Djinns
846 1666 1400 1743 ERN. REYER
204 1717 946 1787 7. Henry VIII (ballet de l’opéra)
979 1724 1468 1798 .. C. SAINT-SAENS
332 1775 620 1834 a) congression.
642 1779 930 1840 Entrée des Clans
327 1817 631 1873 b) Idylle écossaise
327 1854 672 1934 c) Danse de la Gipsy
334 1905 619 1961 d) Gigue et Final
197 1944 686 2042 8. Künstlerleben (valse)
782 1964 860 2020 ..
872 1947 1422 2052 JOH. STRAUSS
202 2078 1336 2149 Concerts de Symphonie : Les Jeudis et Dimanches à 8 heures du soir.
197 2135 1453 2196 Concerts militaires (Harmonie): Les Lundis, Mercredis, Jeudis, Samedis et
363 2182 1350 2251 Dimanches, à 3 1/2 hs de l’après-midi ; les Mardis à 8 hs du soir.
741 2241 918 2312 ⊃πουστον
260 2288 1464 2368 N. B. — On ne pourra retenir sous aucun prétexte des chaises ou des places
196 2354 980 2409 non occupées, ni déplacer le mobilier des terrasses.
255 2401 1189 2457 En cas de mauvais temps, les auditions ont lieu dans la salle.
