1793 2615
347 184 1267 282 Société Royale de Zoologie d’Anvers
180 270 1412 353 ̃ ̃̃"̃ "̃ r * A. A. M. M.. M.C.A.
320 352 1285 456 Dimanche 24 Juin 1900, à 8 heures du soir
224 474 1461 651 Concert de Symphonie
279 695 1341 780 PAR L’ORCHESTRE DE LA SOCIÉTÉ
317 779 1310 870 sous la direction de M. accavo KEURVELS
766 883 861 977 N°
607 993 1020 1121 programme
711 1121 914 1211 tre PARTIE
1055 1192 1441 1277 A. DE TRIABADELO
175 1188 571 1272 I. Marche basque.
1056 1263 1307 1330 EM. TAVAN
177 1258 963 1343 2. Le Collier de la Reine (ouverture)
769 1316 846 1378 5.
175 1322 733 1393 3. Les amours du Diable
1047 1318 1337 1397 ALB. GRISAR
309 1381 987 1444 (transcription par J. F. Janssens)
1055 1419 1281 1494 O. METRA
175 1430 903 1513 4. Sérénade (valse espagnole).
719 1491 921 1579 2e PARTIE
1055 1570 1395 1653 FR. VON Suppé
178 1568 794 1661 5. Pique-Dame (ouverture).
826 1598 936 1658 ..
1062 1635 1447 1715 J. PiETRAPERTOSA
178 1639 643 1712 6. Ronde des Archers
1055 1696 1345 1772 EDM. MISSA
183 1696 741 1773 7. Reichshoffen (mazurka)
1050 1754 1349 1843 LÉO DELIBES
180 1759 459 1835 8. Coppélia
312 1813 1034 1877 (suite d’orchestre extraite du ballet)
318 1860 668 1907 a) Thème slave varié
317 1880 772 1942 b) Fête et Valse des Heures
317 1925 880 1996 c) Musique des Automates et Valse
318 1964 508 2022 d) Czardas
184 2038 1321 2130 Concerts de Symphonie : Les Jeudis et Dimanches à 8 heures du soir.
186 2128 1453 2172 Concerts militaires (Harmonie): Les Lundis, Mercredis, Jeudis, Samedis et
355 2163 1340 2230 Dimanches, à 3 1/2 hs de l'après-midi ; les Mardis à 8 hs du soir.
735 2204 799 2249 og
727 2223 906 2287 töyttät
246 2270 1445 2338 N. B. — On ne pourra retenir sous aucun prétexte des chaises ou des places
183 2330 973 2380 non occupées, ni déplacer le mobilier des terrasses.
243 2366 1174 2429 En cas de mauvais temps, les auditions ont lieu dans la salle.
249 2484 552 2558 Etabl. Vve. Theunis. — Auvers.
