1839 2633
395 157 1292 247 Société Royale de Zoologie d’Anver
225 264 1460 342 ̃ ̃̃"̃ "̃ r * * * t * * M * * - * *
367 334 1336 419 Dimanche 1 Juillet 1900, à 8 heures du soir
247 475 1467 647 Concert de Symphonie
319 663 1390 749 PAR L'ORCHESTRE DE LA SOCIÉTÉ
365 770 1350 850 sous la direction de M. accavo KEURVELS
807 837 900 946 FJ
650 977 1056 1098 programme
748 1105 947 1191 Ire PARTIE
1119 1193 1484 1272 EDM. FILIPUCCI
217 1194 711 1267 I. Marche éthiopienne.
1051 1259 1396 1344 L. VASSEUR
217 1251 766 1350 2. Le mariage au tambour
785 1262 1009 1360 (fantaisie)
1009 1328 1456 1418 AMBR. THOMAS
216 1328 752 1416 3. Hamlet (transcription)
1081 1386 1426 1498 H. VAN GAEL
217 1397 974 1500 4. La grande Roue (polka)
751 1487 954 1578 2e PARTIE
216 1569 1442 1657 5. La Muette de Portici (ouverture).. D. FR. AUBER
1073 1643 1404 1723 J. NESVADBA
217 1649 703 1734 6. Loreley (paraphrose)
217 1714 1405 1791 7. Roméo et Juliette (transcription)... CH. GOUROD
1075 1783 1388 1862 C. KIEFERT
211 1783 760 1887 8. The Circus-Girl (valse)
866 1778 958 1863 .
216 1940 1358 2002 Concerts de Symphonie : Les Jeudis et Dimanches à 8 heures du soir.
216 1986 1478 2046 Concerts militaires (Harmonie): Les Lundis, Mercredis, Jeudis, Samedis et
384 2025 1374 2114 Dimanches, à 3 1/2 hs de l'après-midi ; les Mardis à 8 hs du soir.
858 2101 940 2176 550
763 2106 861 2186 eest
282 2162 1486 2238 N. B. — On ne pourra retenir sous aucun prétexte des chaises ou des places
216 2233 1001 2290 non occupées, ni déplacer le mobilier des terrasses.
282 2269 1210 2342 En cas de mauvais temps, les auditions ont lieu dans la salle.
275 2483 578 2572 stabl. Vve. Theunis.   Anvers.
