1812 2683
402 191 1319 281 Société Royale de Zoologie d’Anvers
229 273 1471 361 ̃ ̃̃"̃ t * * r * * M * * *
429 333 1291 407 Jeudi 5 Juillet 1900, à 8 heures du soir
241 422 1486 613 Concert de Symphonie
331 637 1395 727 PAR L’ORCHESTRE DE LA SOCIÉTÉ
364 714 1360 796 sous la direction de M. ED WARD KEURVLS
821 782 897 878 th
665 873 1075 991 programme
750 974 950 1055 1re PARTIE
219 1012 575 1097 I. Feestmarsch
1069 1025 1390 1102 Jos. Compaens
221 1078 711 1143 2. Timoléon (ouverture)
1062 1084 1360 1154 E. N. MÉHUL
222 1132 742 1200 3. Rapsodie norvégienne
1062 1133 1283 1201 ED. LALO
216 1179 738 1250 4. Au Royaume des Fées
1058 1185 1378 1258 F. H. COUWEN
348 1226 660 1280 (suite de ballet)
348 1266 698 1316 a) Nymphes des Bois
355 1304 709 1357 b) Marche des Géants
353 1337 656 1381 c) Fées des Fleurs
350 1367 712 1415 d) Danse des Gnomes
353 1392 851 1456 e) Fées des Rayons de la Lune
350 1439 723 1494 1) Danse des Sorcières
757 1461 952 1532 2e PARTIE
213 1508 635 1579 5. Marche héroïque
1055 1518 1337 1590 J. MASSENET
216 1564 375 1627 6. Saül
1055 1573 1349 1649 ANT. BAzzini
276 1586 1006 1665 (ouverture pour la tragédie d’Alfieri)
279 1663 1020 1699 L’auteur a voulu dépeindre le contraste entre
249 1690 1010 1737 les caractères de Saïl et de David ; le premier,
252 1724 1017 1769 plein d’orgueil, de colère et de despotisme, le
249 1764 875 1811 second, fait de douceur et de générosité
279 1784 1014 1854 Le final de l’œuvre représente la mort de Saül
247 1817 873 1882 et l’irruption victorieuse des Philistins.
265 1862 1017 1921 Adagio (de la 8e Sonate pour le piano)
1050 1857 1479 1944 L. VAN BEethoven
342 1914 1014 1969 Orchestré par Edward Keurvels.
268 1955 1228 2032 De Gluck à Wagner (fragments symphoniques)
355 2002 815 2049 GLUK : Armide (ouverture)
350 2037 892 2081 HAYDN : 1e Symphonie (andante)
348 2065 939 2120 MoZART : Donhnan (final; menuct)
350 2104 913 2148 baetwovn : 5e Symphonie (final)
355 2134 1047 2182 WEBER : Freischütz (ouverture ; cavatine)
350 2167 905 2229 MENDELSSOHN : Marche nuptiale
352 2202 717 2243 SCHUBERT : Sérénade
358 2240 834 2298 WAGNER: Rienzi (ouverture)
213 2311 1343 2374 Concerts de Symphonie : Les Jeudis et Dimanches à 8 heures du soir
210 2358 1477 2416 Concerts militaires (Harmonie): Les Lundis, Mercredis, Jeudis, Samedis et
378 2399 1367 2449 Dimanches, à 3 1/2 hs de l'après-midi ; les Mardis à 8 hs du soir.
422 2448 1477 2508 On ne pourra retenir sous aucun prétexte des chaises ou des places
274 2442 369 2492 N. B.
214 2495 1001 2530 non occupées, ni déplacer le mobilier des terrasses.
273 2503 1209 2582 En cas de mauvais temps, les auditions ont lieu dans la salle,
