<?xml version="1.0" encoding="UTF-8" standalone="yes"?>
<PcGts xmlns="http://schema.primaresearch.org/PAGE/gts/pagecontent/2013-07-15" xmlns:xsi="http://www.w3.org/2001/XMLSchema-instance" xsi:schemaLocation="http://schema.primaresearch.org/PAGE/gts/pagecontent/2013-07-15 http://schema.primaresearch.org/PAGE/gts/pagecontent/2013-07-15/pagecontent.xsd">
    <Metadata>
        <Creator>prov=READ-COOP:name=TrHtr:version=2.18.1:model_id=51170:date=16_10_2024_01:15</Creator>
        <Created>2024-10-15T16:45:48.898+02:00</Created>
        <LastChange>2024-10-16T01:15:52.635+02:00</LastChange>
        <TranskribusMetadata docId="4643631" pageId="80341596" pageNr="92" tsid="193982900" status="IN_PROGRESS" userId="131016" imgUrl="https://files.transkribus.eu/Get?id=RXJLNRHUADSJRILKQQTSNHZL&amp;fileType=view" xmlUrl="https://files.transkribus.eu/Get?id=RPXGNMEEGITXXVRROEUSEIOU" imageId="65802282"/>
    </Metadata>
    <Page imageFilename="0092_kca-srdda-cpr1900-030901108859-tx-00092.jpg" imageWidth="1775" imageHeight="2692">
        <ReadingOrder>
            <OrderedGroup id="ro_1757315797355" caption="Regions reading order">
                <RegionRefIndexed index="0" regionRef="tr_1"/>
                <RegionRefIndexed index="1" regionRef="tr_2"/>
                <RegionRefIndexed index="2" regionRef="tr_3"/>
            </OrderedGroup>
        </ReadingOrder>
        <TextRegion id="tr_1" custom="readingOrder {index:0;}">
            <Coords points="226,268 1468,268 1468,1254 226,1254"/>
            <TextLine id="tr_1_tl_1" custom="readingOrder {index:0;}">
                <Coords points="398,336 654,362 924,331 1304,350 1302,273 1243,287 1168,251 987,286 397,254"/>
                <Baseline points="406,320 436,318 466,320 496,320 526,322 556,322 586,320 616,320 646,320 676,322 706,322 736,322 766,322 796,324 826,324 856,324 886,324 916,324 946,324 976,324 1006,324 1036,322 1066,322 1096,324 1126,326 1156,326 1186,326 1216,326 1246,328 1276,326 1306,324 1308,324"/>
                <TextEquiv>
                    <Unicode>Société Royale de Zoologie d'Anvers</Unicode>
                </TextEquiv>
            </TextLine>
            <TextLine id="tr_1_tl_2" custom="readingOrder {index:1;}">
                <Coords points="219,417 253,432 278,415 283,420 295,415 328,428 356,407 373,412 372,367 359,362 351,367 342,359 336,367 325,368 309,359 294,368 270,361 253,373 225,351 215,353"/>
                <Baseline points="226,384 238,400 268,400 298,400 328,400 358,402 376,404"/>
                <TextEquiv>
                    <Unicode>—.—</Unicode>
                </TextEquiv>
            </TextLine>
            <TextLine id="tr_1_tl_3" custom="readingOrder {index:2;}">
                <Coords points="540,422 629,420 692,445 868,409 938,431 976,411 1087,431 1118,414 1118,372 709,361 540,375"/>
                <Baseline points="548,396 578,400 608,398 638,400 668,400 698,400 728,400 758,402 788,402 818,402 848,402 878,404 908,404 938,404 968,402 998,402 1012,399 1012,399 1044,404 1074,402 1104,402 1121,401"/>
                <TextEquiv>
                    <Unicode>+ * * / * * * ^ * * _ * *  * * „ * *</Unicode>
                </TextEquiv>
            </TextLine>
            <TextLine id="tr_1_tl_4" custom="readingOrder {index:3;}">
                <Coords points="1129,443 1172,411 1247,425 1310,415 1335,432 1368,418 1393,429 1447,418 1446,367 1327,378 1290,350 1232,376 1207,364 1166,375 1127,359"/>
                <Baseline points="1138,400 1168,402 1198,404 1228,404 1258,406 1288,406 1318,406 1348,408 1378,408 1408,408 1438,406 1450,406"/>
                <TextEquiv>
                    <Unicode>xykököyttäs.</Unicode>
                </TextEquiv>
            </TextLine>
            <TextLine id="tr_1_tl_5" custom="readingOrder {index:4;}">
                <Coords points="359,490 445,514 626,487 681,514 1310,503 1310,448 1277,440 456,456 359,431"/>
                <Baseline points="368,484 398,482 428,484 458,484 488,484 518,484 548,484 578,484 608,484 638,482 668,484 698,486 728,486 758,486 788,486 818,486 848,486 878,486 908,486 938,486 968,486 998,486 1028,486 1058,486 1088,486 1118,486 1148,484 1178,486 1208,486 1238,486 1268,488 1298,488 1314,486"/>
                <TextEquiv>
                    <Unicode>Dimanche 8 Juillet 1900, à 8 heures du soir</Unicode>
                </TextEquiv>
            </TextLine>
            <TextLine id="tr_1_tl_6" custom="readingOrder {index:5;}">
                <Coords points="244,720 678,690 896,746 1018,699 1101,746 1244,701 1464,726 1444,579 965,581 843,623 784,582 312,585 244,621"/>
                <Baseline points="252,684 274,682 304,682 334,684 364,686 394,688 424,686 454,688 484,688 514,690 544,690 574,688 604,686 634,688 664,688 694,688 724,686 756,687 756,687 788,692 818,692 848,692 878,688 908,690 938,686 968,688 998,690 1028,692 1058,692 1088,690 1118,690 1148,690 1178,692 1208,688 1238,686 1268,688 1298,690 1328,692 1358,694 1388,694 1418,696 1448,694 1468,696"/>
                <TextEquiv>
                    <Unicode>Concert de Symphonie</Unicode>
                </TextEquiv>
            </TextLine>
            <TextLine id="tr_1_tl_7" custom="readingOrder {index:6;}">
                <Coords points="320,831 1374,835 1374,776 1319,768 520,787 320,762"/>
                <Baseline points="328,814 356,818 386,820 416,820 446,820 476,822 506,820 536,822 566,820 596,820 626,820 656,822 686,822 716,822 746,822 776,822 806,822 836,822 866,824 896,826 926,822 956,822 986,826 1016,826 1046,824 1076,822 1106,826 1136,824 1166,824 1196,822 1226,822 1256,824 1286,822 1316,822 1346,822 1376,824 1378,824"/>
                <TextEquiv>
                    <Unicode>PAR L'ORCHESTRE DE LA SOCIÉTÉ</Unicode>
                </TextEquiv>
            </TextLine>
            <TextLine id="tr_1_tl_8" custom="readingOrder {index:7;}">
                <Coords points="361,926 749,941 924,916 1055,952 1148,918 1265,949 1343,920 1343,876 361,877"/>
                <Baseline points="370,908 400,908 430,908 460,910 490,910 520,910 550,910 580,910 610,910 640,910 670,910 700,910 730,910 760,910 790,910 820,912 850,912 880,910 910,910 940,910 970,910 1000,910 1030,910 1060,910 1090,910 1120,910 1150,910 1180,910 1210,912 1240,912 1270,912 1300,912 1330,912 1346,910"/>
                <TextEquiv>
                    <Unicode>sous la direction de M. accavant KEURVELS</Unicode>
                </TextEquiv>
            </TextLine>
            <TextLine id="tr_1_tl_9" custom="readingOrder {index:8;}">
                <Coords points="804,1026 812,1026 832,1043 854,1032 865,1038 874,1051 887,1052 896,945 888,943 882,948 868,941 862,948 849,951 846,946 838,948 829,940 812,937"/>
                <Baseline points="814,1018 832,1020 862,1018 892,1012"/>
                <TextEquiv>
                    <Unicode>N</Unicode>
                </TextEquiv>
            </TextLine>
            <TextLine id="tr_1_tl_10" custom="readingOrder {index:9;}">
                <Coords points="654,1169 735,1151 806,1187 849,1154 879,1166 909,1154 951,1187 970,1169 1010,1180 1051,1165 1051,1098 935,1099 896,1079 860,1080 835,1101 802,1087 765,1101 696,1074 654,1076"/>
                <Baseline points="662,1156 664,1154 694,1148 724,1146 754,1148 784,1148 814,1148 844,1148 874,1148 904,1148 934,1148 964,1148 994,1148 1024,1146 1054,1148"/>
                <TextEquiv>
                    <Unicode>programme</Unicode>
                </TextEquiv>
            </TextLine>
            <TextLine id="tr_1_tl_11" custom="readingOrder {index:10;}">
                <Coords points="745,1255 765,1258 779,1246 799,1243 827,1260 859,1255 888,1282 920,1282 941,1269 941,1202 916,1199 904,1208 870,1196 835,1212 821,1208 804,1216 774,1196 763,1204 745,1199"/>
                <Baseline points="754,1242 784,1242 814,1242 844,1242 874,1242 904,1242 934,1244 946,1242"/>
                <TextEquiv>
                    <Unicode>1re PARTIE</Unicode>
                </TextEquiv>
            </TextLine>
        </TextRegion>
        <TextRegion id="tr_2" custom="readingOrder {index:1;}">
            <Coords points="220,1274 1484,1274 1484,2050 220,2050"/>
            <TextLine id="tr_2_tl_1" custom="readingOrder {index:0;}">
                <Coords points="215,1350 275,1324 308,1350 375,1332 482,1350 526,1332 553,1349 573,1335 699,1333 699,1296 620,1297 596,1283 525,1301 422,1282 359,1299 279,1285 215,1294"/>
                <Baseline points="224,1328 254,1330 284,1328 314,1328 344,1328 374,1326 404,1326 434,1324 464,1326 494,1326 524,1326 554,1326 584,1326 614,1326 644,1324 674,1324 704,1326"/>
                <TextEquiv>
                    <Unicode>1. Vondel-Feestmarsch</Unicode>
                </TextEquiv>
            </TextLine>
            <TextLine id="tr_2_tl_2" custom="readingOrder {index:1;}">
                <Coords points="1065,1335 1093,1347 1183,1333 1243,1349 1374,1335 1480,1349 1480,1296 1461,1291 1311,1299 1249,1282 1196,1293 1163,1283 1116,1299 1087,1279 1065,1283"/>
                <Baseline points="1074,1328 1104,1328 1134,1326 1164,1326 1194,1328 1224,1328 1254,1328 1284,1330 1314,1330 1344,1330 1374,1330 1404,1330 1434,1328 1464,1328 1484,1330"/>
                <TextEquiv>
                    <Unicode>EUG. HUYBRECHTS</Unicode>
                </TextEquiv>
            </TextLine>
            <TextLine id="tr_2_tl_3" custom="readingOrder {index:2;}">
                <Coords points="217,1396 1035,1411 1044,1338 473,1358 270,1329 217,1357"/>
                <Baseline points="226,1386 256,1388 286,1388 316,1386 346,1386 376,1384 406,1386 436,1384 466,1384 496,1386 526,1386 556,1386 586,1386 616,1384 646,1384 676,1384 706,1386 736,1388 766,1384 796,1384 826,1384 856,1384 886,1384 916,1386 946,1384 976,1384 1006,1384 1036,1384 1048,1386"/>
                <TextEquiv>
                    <Unicode>2. Ein Morgen, ein Mittag und ein Abend</Unicode>
                </TextEquiv>
            </TextLine>
            <TextLine id="tr_2_tl_4" custom="readingOrder {index:3;}">
                <Coords points="342,1450 365,1446 387,1463 489,1443 762,1447 762,1399 587,1411 537,1394 500,1408 475,1393 428,1405 342,1397"/>
                <Baseline points="350,1434 380,1434 410,1434 440,1434 470,1436 500,1436 530,1436 560,1436 590,1434 620,1434 650,1434 680,1436 710,1436 740,1438 764,1436"/>
                <TextEquiv>
                    <Unicode>in Wien (ouverture).</Unicode>
                </TextEquiv>
            </TextLine>
            <TextLine id="tr_2_tl_5" custom="readingOrder {index:4;}">
                <Coords points="1076,1441 1115,1438 1185,1454 1197,1443 1210,1455 1224,1444 1266,1443 1318,1466 1346,1447 1410,1447 1408,1405 1354,1380 1319,1399 1279,1388 1255,1408 1176,1390 1146,1402 1074,1397"/>
                <Baseline points="1084,1434 1114,1438 1144,1436 1174,1438 1204,1436 1234,1438 1264,1438 1294,1438 1324,1438 1354,1438 1384,1438 1414,1438"/>
                <TextEquiv>
                    <Unicode>FR. VON SUPPÉ</Unicode>
                </TextEquiv>
            </TextLine>
            <TextLine id="tr_2_tl_6" custom="readingOrder {index:5;}">
                <Coords points="1071,1510 1130,1502 1148,1514 1160,1505 1194,1525 1255,1503 1277,1513 1297,1502 1315,1519 1338,1505 1358,1518 1382,1500 1397,1503 1397,1444 1311,1461 1266,1444 1240,1466 1202,1452 1140,1468 1119,1457 1071,1460"/>
                <Baseline points="1080,1492 1110,1494 1140,1494 1170,1496 1200,1496 1230,1496 1260,1496 1290,1498 1320,1498 1350,1496 1380,1496 1400,1498"/>
                <TextEquiv>
                    <Unicode>EUG. DIERCXX</Unicode>
                </TextEquiv>
            </TextLine>
            <TextLine id="tr_2_tl_7" custom="readingOrder {index:6;}">
                <Coords points="211,1503 500,1507 528,1522 584,1497 615,1521 732,1507 732,1480 671,1457 564,1471 473,1450 440,1464 295,1450 267,1471 240,1452 211,1468"/>
                <Baseline points="220,1494 250,1496 280,1496 310,1496 340,1496 370,1496 400,1496 430,1496 460,1496 490,1494 520,1494 550,1494 580,1492 610,1492 640,1494 670,1494 700,1494 730,1496 736,1496"/>
                <TextEquiv>
                    <Unicode>3. a) Gavotte-Joséphine.</Unicode>
                </TextEquiv>
            </TextLine>
            <TextLine id="tr_2_tl_8" custom="readingOrder {index:7;}">
                <Coords points="1079,1564 1132,1557 1226,1571 1286,1557 1322,1574 1346,1564 1388,1580 1404,1567 1438,1577 1436,1510 1400,1527 1326,1513 1271,1525 1213,1514 1191,1525 1160,1505 1137,1518 1079,1508"/>
                <Baseline points="1088,1550 1118,1552 1148,1552 1178,1554 1208,1554 1238,1554 1268,1556 1298,1556 1328,1556 1358,1556 1388,1554 1418,1554 1440,1552"/>
                <TextEquiv>
                    <Unicode>WILLIAM SMYTH</Unicode>
                </TextEquiv>
            </TextLine>
            <TextLine id="tr_2_tl_9" custom="readingOrder {index:8;}">
                <Coords points="270,1574 818,1561 818,1518 762,1505 698,1528 662,1511 629,1527 448,1507 343,1524 270,1514"/>
                <Baseline points="278,1554 308,1552 338,1552 368,1554 398,1554 428,1552 458,1554 488,1554 518,1554 548,1554 578,1552 608,1552 638,1554 668,1554 698,1554 728,1554 758,1554 788,1554 818,1554 822,1554"/>
                <TextEquiv>
                    <Unicode>b) Sur la glace (mazurka)</Unicode>
                </TextEquiv>
            </TextLine>
            <TextLine id="tr_2_tl_10" custom="readingOrder {index:9;}">
                <Coords points="1073,1658 1127,1661 1151,1650 1160,1660 1171,1653 1187,1660 1230,1619 1266,1628 1276,1619 1304,1617 1304,1585 1244,1571 1233,1561 1226,1569 1194,1566 1168,1588 1121,1563 1071,1580"/>
                <Baseline points="1080,1610 1110,1612 1140,1612 1170,1612 1200,1612 1230,1614 1260,1612 1290,1614 1308,1614"/>
                <TextEquiv>
                    <Unicode>AD. ADAM</Unicode>
                </TextEquiv>
            </TextLine>
            <TextLine id="tr_2_tl_11" custom="readingOrder {index:10;}">
                <Coords points="222,1630 281,1627 317,1652 367,1622 401,1646 471,1646 551,1616 587,1636 734,1624 884,1656 884,1588 760,1561 684,1588 475,1563 415,1583 372,1561 222,1586"/>
                <Baseline points="230,1616 258,1614 288,1614 318,1614 348,1614 378,1612 408,1614 438,1612 468,1614 498,1612 528,1612 558,1612 588,1612 618,1614 648,1612 678,1612 708,1612 738,1612 768,1612 798,1612 828,1614 858,1612 888,1614"/>
                <TextEquiv>
                    <Unicode>4. Si j'étais Roi! (transcription).</Unicode>
                </TextEquiv>
            </TextLine>
            <TextLine id="tr_2_tl_12" custom="readingOrder {index:11;}">
                <Coords points="751,1710 779,1708 796,1697 818,1708 838,1696 857,1697 865,1705 907,1702 948,1719 948,1644 937,1646 910,1633 874,1660 863,1663 856,1655 842,1666 817,1647 751,1658"/>
                <Baseline points="760,1690 790,1690 820,1690 850,1688 880,1688 910,1688 940,1690 952,1690"/>
                <TextEquiv>
                    <Unicode>2e PARTIE</Unicode>
                </TextEquiv>
            </TextLine>
            <TextLine id="tr_2_tl_13" custom="readingOrder {index:12;}">
                <Coords points="217,1795 709,1785 709,1739 671,1747 620,1706 534,1747 451,1724 312,1722 267,1742 217,1722"/>
                <Baseline points="226,1766 252,1776 282,1776 312,1776 342,1776 372,1774 402,1774 432,1776 462,1774 492,1774 522,1774 552,1774 582,1774 612,1774 642,1774 672,1772 702,1774 712,1776"/>
                <TextEquiv>
                    <Unicode>5. Mignon (ouverture)</Unicode>
                </TextEquiv>
            </TextLine>
            <TextLine id="tr_2_tl_14" custom="readingOrder {index:13;}">
                <Coords points="1049,1780 1133,1792 1157,1781 1182,1802 1272,1805 1304,1803 1338,1778 1394,1799 1411,1795 1411,1724 1383,1711 1318,1722 1280,1744 1233,1717 1179,1738 1152,1728 1049,1752"/>
                <Baseline points="1058,1774 1086,1772 1116,1772 1146,1772 1176,1772 1206,1772 1236,1772 1266,1772 1296,1772 1326,1772 1356,1772 1386,1772 1416,1770"/>
                <TextEquiv>
                    <Unicode>AMBR. THOMAS</Unicode>
                </TextEquiv>
            </TextLine>
            <TextLine id="tr_2_tl_15" custom="readingOrder {index:14;}">
                <Coords points="1079,1845 1133,1853 1277,1841 1305,1855 1391,1839 1411,1853 1444,1849 1444,1803 1397,1794 1326,1805 1212,1794 1185,1805 1166,1789 1133,1809 1105,1783 1079,1791"/>
                <Baseline points="1088,1830 1118,1834 1148,1834 1178,1834 1208,1834 1238,1834 1268,1834 1298,1834 1328,1834 1358,1834 1388,1834 1418,1834 1448,1834"/>
                <TextEquiv>
                    <Unicode>R. LEONCAVALLO</Unicode>
                </TextEquiv>
            </TextLine>
            <TextLine id="tr_2_tl_16" custom="readingOrder {index:15;}">
                <Coords points="215,1855 428,1859 447,1844 512,1859 548,1845 593,1863 615,1845 684,1861 721,1844 759,1859 770,1794 557,1813 465,1788 426,1809 295,1795 215,1811"/>
                <Baseline points="224,1838 232,1838 262,1840 292,1838 322,1838 352,1838 382,1838 412,1836 442,1836 472,1836 502,1838 532,1838 562,1838 592,1838 622,1838 652,1836 682,1836 712,1836 742,1836 772,1836"/>
                <TextEquiv>
                    <Unicode>6. I Medici (transcription).</Unicode>
                </TextEquiv>
            </TextLine>
            <TextLine id="tr_2_tl_17" custom="readingOrder {index:16;}">
                <Coords points="1068,1906 1133,1894 1160,1909 1252,1897 1311,1908 1310,1856 1288,1866 1213,1859 1193,1867 1182,1859 1172,1867 1149,1847 1130,1853 1066,1839"/>
                <Baseline points="1076,1888 1106,1890 1136,1892 1166,1892 1196,1892 1226,1892 1256,1892 1286,1892 1316,1892 1318,1890"/>
                <TextEquiv>
                    <Unicode>G. LANGER</Unicode>
                </TextEquiv>
            </TextLine>
            <TextLine id="tr_2_tl_18" custom="readingOrder {index:17;}">
                <Coords points="223,1911 812,1906 813,1861 723,1842 631,1869 440,1853 362,1870 325,1852 273,1874 225,1855"/>
                <Baseline points="232,1890 262,1896 292,1896 322,1896 352,1896 382,1896 412,1894 442,1894 472,1894 502,1892 532,1894 562,1894 592,1894 622,1894 652,1894 682,1894 712,1894 742,1892 772,1892 802,1894 816,1892"/>
                <TextEquiv>
                    <Unicode>7. Grossmütterchen (ländler).</Unicode>
                </TextEquiv>
            </TextLine>
            <TextLine id="tr_2_tl_19" custom="readingOrder {index:18;}">
                <Coords points="315,1953 926,1942 985,1975 1079,1939 1219,1948 1221,1905 317,1914"/>
                <Baseline points="324,1940 354,1940 384,1940 414,1940 444,1940 474,1940 504,1938 534,1938 564,1938 594,1938 624,1938 654,1938 684,1936 714,1936 744,1936 774,1936 804,1934 834,1934 864,1934 894,1936 924,1934 954,1934 984,1936 1014,1936 1044,1934 1074,1934 1104,1934 1134,1936 1164,1934 1194,1932 1224,1932"/>
                <TextEquiv>
                    <Unicode>Solistes : MM. Edm. De Herdt et Eug. Lemoine ( violons)</Unicode>
                </TextEquiv>
            </TextLine>
            <TextLine id="tr_2_tl_20" custom="readingOrder {index:19;}">
                <Coords points="353,2003 470,1984 562,2002 617,1984 651,2002 832,1981 910,1991 932,1986 934,1948 354,1958"/>
                <Baseline points="362,1982 366,1980 396,1978 426,1980 456,1982 486,1982 516,1982 546,1980 576,1980 606,1980 636,1978 666,1978 696,1978 726,1978 756,1978 786,1978 816,1978 846,1976 876,1976 906,1976 936,1978"/>
                <TextEquiv>
                    <Unicode>et Jos. Van der Avoort ( violoncelle).</Unicode>
                </TextEquiv>
            </TextLine>
            <TextLine id="tr_2_tl_21" custom="readingOrder {index:20;}">
                <Coords points="1077,2039 1121,2045 1146,2066 1169,2066 1199,2042 1277,2050 1304,2036 1365,2050 1386,2042 1422,2072 1439,2067 1439,2002 1363,1984 1346,1998 1296,2003 1230,1992 1205,1972 1160,1991 1135,1983 1077,1995"/>
                <Baseline points="1086,2032 1116,2034 1146,2032 1176,2032 1206,2032 1236,2032 1266,2032 1296,2032 1326,2032 1356,2032 1386,2032 1416,2034 1444,2032"/>
                <TextEquiv>
                    <Unicode>E. WALDTEUFEL</Unicode>
                </TextEquiv>
            </TextLine>
            <TextLine id="tr_2_tl_22" custom="readingOrder {index:21;}">
                <Coords points="220,2064 283,2081 339,2045 540,2087 606,2066 606,2006 581,1998 556,2005 537,1992 498,2005 473,1987 386,2009 351,1992 273,2020 220,1998"/>
                <Baseline points="228,2040 250,2040 280,2040 310,2040 340,2038 370,2038 400,2038 430,2038 460,2038 490,2038 520,2038 550,2038 580,2038 610,2038"/>
                <TextEquiv>
                    <Unicode>8. Solitude (valse).</Unicode>
                </TextEquiv>
            </TextLine>
        </TextRegion>
        <TextRegion id="tr_3" custom="readingOrder {index:2;}">
            <Coords points="230,2114 1482,2114 1482,2628 230,2628"/>
            <TextLine id="tr_3_tl_1" custom="readingOrder {index:0;}">
                <Coords points="222,2175 1346,2173 1316,2131 1162,2139 1079,2103 960,2142 222,2126"/>
                <Baseline points="230,2172 240,2174 270,2172 300,2172 330,2172 360,2172 390,2172 420,2172 450,2170 480,2172 510,2172 540,2172 570,2170 600,2170 630,2170 660,2168 690,2168 720,2168 750,2168 780,2166 810,2168 840,2166 870,2166 900,2166 930,2166 960,2166 990,2166 1020,2166 1050,2166 1080,2166 1110,2166 1140,2166 1170,2164 1200,2166 1230,2166 1260,2166 1290,2166 1320,2166 1350,2166"/>
                <TextEquiv>
                    <Unicode>Concerts de Symphonie : Les Jeudis et Dimanches à 8 heures du soir.</Unicode>
                </TextEquiv>
            </TextLine>
            <TextLine id="tr_3_tl_2" custom="readingOrder {index:1;}">
                <Coords points="225,2223 1418,2225 1480,2222 1480,2172 225,2183"/>
                <Baseline points="234,2216 252,2216 282,2214 312,2214 342,2214 372,2212 402,2214 432,2214 462,2214 492,2214 522,2212 552,2212 582,2212 612,2212 642,2212 672,2210 702,2210 732,2210 762,2212 792,2210 822,2210 852,2210 882,2210 912,2210 942,2210 972,2210 1002,2208 1032,2208 1062,2208 1092,2210 1122,2208 1152,2208 1182,2208 1212,2208 1242,2208 1272,2210 1302,2210 1332,2208 1362,2208 1392,2208 1422,2208 1452,2208 1482,2210"/>
                <TextEquiv>
                    <Unicode>Concerts militaires (Harmonie): Les Lundis, Mercredis, Jeudis, Samedis et</Unicode>
                </TextEquiv>
            </TextLine>
            <TextLine id="tr_3_tl_3" custom="readingOrder {index:2;}">
                <Coords points="386,2279 1074,2278 1140,2253 1288,2284 1371,2262 1371,2222 386,2226"/>
                <Baseline points="394,2256 414,2256 444,2256 474,2256 504,2256 534,2256 564,2256 594,2256 624,2256 654,2256 684,2254 714,2254 744,2254 774,2254 804,2254 834,2254 864,2254 894,2252 924,2252 954,2252 984,2252 1014,2252 1044,2252 1074,2252 1104,2252 1134,2252 1164,2252 1194,2252 1224,2252 1254,2252 1284,2252 1314,2252 1344,2252 1374,2250"/>
                <TextEquiv>
                    <Unicode>Dimanches, à 3 1/2 hs de l’après-midi ; les Mardis à 8 hs du soir.</Unicode>
                </TextEquiv>
            </TextLine>
            <TextLine id="tr_3_tl_4" custom="readingOrder {index:3;}">
                <Coords points="776,2320 790,2320 795,2315 796,2317 804,2312 809,2312 813,2317 818,2314 824,2317 829,2312 837,2314 842,2311 849,2312 851,2297 838,2293 831,2295 820,2289 815,2293 806,2293 785,2276 778,2276"/>
                <Baseline points="785,2320 792,2316 822,2310 853,2316"/>
                <TextEquiv>
                    <Unicode>wenn</Unicode>
                </TextEquiv>
            </TextLine>
            <TextLine id="tr_3_tl_5" custom="readingOrder {index:4;}">
                <Coords points="774,2350 795,2350 812,2340 820,2347 832,2343 838,2350 857,2337 874,2347 891,2337 909,2342 920,2353 931,2351 932,2279 913,2279 890,2295 859,2298 837,2315 798,2312 784,2298 776,2298"/>
                <Baseline points="785,2320 816,2326 846,2326 854,2323 854,2323 886,2324 916,2322 936,2324"/>
                <TextEquiv>
                    <Unicode>zijn selve</Unicode>
                </TextEquiv>
            </TextLine>
            <TextLine id="tr_3_tl_6" custom="readingOrder {index:5;}">
                <Coords points="287,2409 1187,2429 1313,2395 1480,2426 1480,2362 1311,2333 1190,2373 792,2375 709,2336 598,2375 287,2361"/>
                <Baseline points="296,2400 312,2400 342,2402 372,2402 402,2398 432,2398 462,2400 492,2400 522,2400 552,2400 582,2400 612,2398 642,2398 672,2398 702,2398 732,2398 762,2398 792,2396 822,2396 852,2396 882,2396 912,2396 942,2398 972,2396 1002,2396 1032,2396 1062,2396 1092,2394 1122,2394 1152,2394 1182,2394 1212,2394 1242,2394 1272,2394 1302,2394 1332,2396 1362,2396 1392,2396 1422,2396 1452,2396 1482,2396"/>
                <TextEquiv>
                    <Unicode>N. B. — On ne pourra retenir sous aucun prétexte des chaises ou des places</Unicode>
                </TextEquiv>
            </TextLine>
            <TextLine id="tr_3_tl_7" custom="readingOrder {index:6;}">
                <Coords points="223,2450 884,2456 1002,2445 1002,2414 223,2415"/>
                <Baseline points="232,2444 256,2444 286,2442 316,2442 346,2444 376,2442 406,2442 436,2442 466,2442 496,2440 526,2440 556,2440 586,2440 616,2440 646,2440 676,2438 706,2438 736,2438 766,2438 796,2438 826,2438 856,2436 886,2436 916,2436 946,2436 976,2436 1006,2434"/>
                <TextEquiv>
                    <Unicode>non occupées, ni déplacer le mobilier des terrasses.</Unicode>
                </TextEquiv>
            </TextLine>
            <TextLine id="tr_3_tl_8" custom="readingOrder {index:7;}">
                <Coords points="286,2489 684,2518 881,2481 980,2518 1169,2484 1213,2506 1215,2453 286,2448"/>
                <Baseline points="294,2484 318,2482 348,2484 378,2482 408,2482 438,2482 468,2482 498,2482 528,2482 558,2482 588,2482 618,2482 648,2482 678,2482 708,2482 738,2482 768,2480 798,2480 828,2480 858,2478 888,2480 918,2478 948,2478 978,2478 1008,2478 1038,2478 1068,2476 1098,2476 1128,2476 1158,2476 1188,2476 1218,2478"/>
                <TextEquiv>
                    <Unicode>En cas de mauvais temps, les auditions ont lieu dans la salle.</Unicode>
                </TextEquiv>
            </TextLine>
            <TextLine id="tr_3_tl_9" custom="readingOrder {index:8;}">
                <Coords points="286,2637 308,2626 340,2639 351,2629 368,2639 407,2637 428,2620 461,2620 484,2637 503,2621 556,2639 584,2629 584,2584 536,2596 367,2589 343,2575 314,2590 286,2578"/>
                <Baseline points="294,2618 318,2614 348,2614 378,2614 408,2614 438,2614 468,2612 498,2614 528,2614 558,2614 588,2614"/>
                <TextEquiv>
                    <Unicode>stabl. Vve. Theunis. — Anvert.</Unicode>
                </TextEquiv>
            </TextLine>
        </TextRegion>
    </Page>
</PcGts>
