1807 2711
398 246 1323 363 Société Royale de Zoologie d’Anvers
552 363 1463 441 (3,3)3................................. ̃  =================
228 368 530 436 kirjeitiin oder wäreissä wärden.
324 444 1393 523 Dimanche 15 Juillet 1900, à 8 heures du soir
252 574 1485 765 Concert de Symphonie
336 769 1399 849 PAR L’ORCHESTRE DE LA SOCIÉTÉ
385 853 1363 958 sous la direction de M. EDKARD REURVELS
825 957 917 1052 etc.
671 1088 1079 1215 programme
771 1220 977 1296 tre PARTIE
1125 1296 1385 1374 EM. TAVAN
236 1309 955 1388 I. La Fée aux perles (ouverture).
1128 1367 1429 1450 A. MESSAGER
238 1372 828 1455 2. La Béarnaise (fantaisie)
1136 1432 1439 1509 LÉONCE GRAS
238 1453 547 1526 3. a) Rêverie.
1133 1494 1417 1569 AD. GAUWIN
298 1502 776 1574 b) Polka des Boxeurs.
1117 1553 1421 1650 A. MAILLAIT
243 1556 912 1666 4. Lara (corbeille mélodique).
788 1653 993 1734 2e PARTIE
247 1716 1429 1818 5. Hymne à la Paix (marche) A. STORDIAU
252 1813 1434 1884 6. Czar und Zimmermann (ouverture). A. LORTZING
252 1862 1524 1957 7. Martha (transcription)  FR. VON FLOTow
1134 1930 1394 2016 AD. SOYER
254 1945 725 2022 8 Rêve étoilé (valse).
254 2073 1404 2164 Concerts de Symphonie : Les Jeudis et Dimanches à 8 heures du soir.
257 2151 1516 2194 Concerts militaires (Harmonie): Les Lundis, Mercredis, Jeudis, Samedis et
424 2194 1417 2254 Dimanches, à 3 1/2 hs de l’après-midi ; les Mardis à 8 hs du soir.
812 2256 979 2344 n
328 2343 1531 2413 N. B. — On ne pourra retenir sous aucun prétexte des chaises ou des places
262 2392 1055 2448 non occupées, ni déplacer le mobilier des terrasses.
327 2429 1261 2511 En cas de mauvais temps, les auditions ont lieu dans la salle.
332 2609 625 2678 etati. Vyr. Theunia   Anvers
