1757 2679
379 164 1308 273 Société Royale de Zoologie d'Anvers
214 290 1441 367 ̃ ̃̃ — t * * *  • * * r * * t * - * *
353 354 1329 453 Jeudi 19 Juillet 1900, à 8 heures du soir
233 509 1446 689 Concert de Symphonie
309 690 1371 778 PAR L’ORCHESTRE DE LA SOCIÉTÉ
353 779 1333 859 sous la direction de M. accavo KEURVELS
795 870 884 963 N
649 957 1049 1088 programme
737 1085 937 1157 Ire PARTIE
206 1138 696 1210 I. Marche de la Reine
732 1168 912 1233 ...
929 1144 1461 1246 EM.VON BRUKKEN-Fock
206 1204 587 1276 2. Danse tchèque.
951 1204 1251 1279 FR. SMETANA
203 1261 1243 1330 3. Fantaisie sur des airs populaires K. HANSSENS
205 1319 876 1405 4. L'Etoile du Nord (ouverture).
954 1322 1280 1404 G. MEYERBEER
746 1393 943 1469 2e PARTIE
205 1436 759 1516 5. Agneessens (ouverture)
952 1438 1235 1525 H. VAELPUT
206 1510 540 1578 6. a) Sérénade
960 1508 1247 1580 G. SGAMBATI
258 1561 699 1630 b) Zambra morisca
952 1564 1290 1646 J. M. DENAIGES
333 1611 809 1683 (caprice symphonique).
206 1667 635 1738 7. Valse de concert
948 1669 1208 1738 IGN. BRÜLL
200 1725 585 1805 8. Festmarsch.
948 1728 1243 1825 ANT. DAVORAK
237 1827 1291 1894 Samedi, 21 courant, à l’occasion de la FÊTE NATIONALE:
303 1878 1121 1928 à 3 1/2 heures de l’après-midi : Concert Militaire.
309 1906 1464 1970 à 8 heures du soir : Concert extraordinaire par la Société de Fanfare
309 1958 1027 2037 “GRÉTRY”, et Inumination du Jardin.
201 2056 1329 2130 Concerts de Symphonie : Les Jeudis et Dimanches à 8 heures du soir.
205 2122 1457 2173 Concerts militaires (Harmonie): Les Lundis, Mercredis, Jeudis, Samedis et
373 2162 1350 2212 Dimanches, à 3 1/2 hs de l'après-midi ; les Mardis à 8 hs du soir.
751 2204 921 2278 xx
269 2256 1452 2336 N. B. — On ne pourra retenir sous aucun prétexte des chaises ou des places
203 2298 985 2362 non occupées, ni déplacer le mobilier des terrasses.
262 2334 1191 2434 En cas de mauvais temps, les auditions ont lieu dans la salle.
262 2481 570 2595 stabl. Vve. Thrunis. Anvera.
