1812 2674
389 234 1303 347 Société Royale de Zoologie d’Anvers
214 343 900 426 ogen, että nykyään oli nyksi
894 363 1443 433 kauppuud uudestoitussi asi
310 438 1370 521 Dimanche 22 Juillet 1900, à 8 heures du soir
227 556 1463 760 Concert de Symphonie
320 771 1358 871 PAR L’ORCHESTRE DE LA SOCIÉTÉ
361 876 1327 959 sous la direction de M. EDWERD REURVELS
791 949 873 1055 86
639 1062 1042 1186 programme
736 1189 936 1263 tre PARTIE
203 1261 888 1349 1. joyeuse entrée (marche).
1151 1264 1444 1357 H. VAN GAEL.
1023 1283 1086 1360 .
201 1329 1384 1424 2. a) Ariele, die Tochter der Luft.EM. BACH
330 1387 676 1458 (final de l’opéra).
264 1443 845 1518 b) Fée d’amour (mazurka)
966 1430 1384 1527 H. WeYTS
207 1506 1424 1584 3. Polyeuete (transcription par L. Durlet) - CH. GOUNOD
209 1578 1380 1679 4. La Reine d'un jour (ouverture). AD. ADAM
744 1670 942 1747 2e PARTIE
212 1730 1019 1820 5. Die Irrfahrt um’s Glück (ouverture)
1149 1719 1456 1816 F. VON Supprê
207 1811 836 1882 6. a) La chanson des abeilles
1143 1810 1449 1877 E. FILIPPUCCI
261 1859 575 1934 b) Rigo (polka)
1123 1860 1406 1930 AD. GAUWIN
207 1917 677 1997 7. Fantaisie populaire
1146 1920 1407 1991 J. DUYSSENS
1152 1988 1389 2080 W. SMYTH
207 1983 559 2068 8. 1900 (valse).
207 2115 1320 2181 Concerts de Symphonie : Les Jeudis et Dimanches à 8 heures du soir.
209 2160 1444 2215 Concerts militaires (Harmonie): Les Lundis, Mercredis, Jeudis, Samedis et
373 2215 1340 2284 Dimanches, à 3 1/2 hs de l’après-midi ; les Mardis à 8 hs du soir.
737 2264 909 2352 A.S.A.B.
272 2314 1443 2386 N. B. — On ne pourra retenir sous aucun prétexte des chaises ou des places
206 2384 980 2421 non occupées, ni déplacer le mobilier des terrasses.
267 2412 1180 2481 En cas de mauvais temps, les auditions ont lieu dans la salle.
264 2566 559 2642 établ. Vve. Theunis. — Anvers.
