1798 2729
374 266 1299 371 Société Royale de Zoologie d’Anvers
207 391 1442 464 ̃ ̃̃ t * * r * * M * * * - * * • * *
366 457 1312 555 Dimanche 5 Août 1900, à 8 heures du soir
236 613 1446 773 Concert de Symphonie
308 804 1375 869 PAR L'ORCHESTRE DE LA SOCIÉTÉ
357 903 1331 996 sous la direction de M. EDWERD REURVELS
795 985 885 1087 No
661 1090 1045 1219 programme
738 1235 940 1320 1re PARTIE
1078 1318 1472 1395 ED. DERANSART
198 1326 688 1400 I. Ronde des Cyclistes.
724 1339 856 1424 ...
1103 1387 1337 1464 AD. ADAM
201 1392 702 1469 2. Le Chalet (ouverture)
1106 1458 1420 1534 ROD. BERGER
203 1457 683 1549 3. a) Majesty (Gavotte)
1114 1518 1474 1593 EMD. FILIPPUCCI
259 1518 878 1598 b) A fleur d'eau (air de ballet)
1109 1590 1471 1666 F. A. BOIELDEU
200 1584 1075 1681 4. La Dame blanche (transcription par L. Durlet)
743 1656 947 1750 2e PARTIE
1109 1725 1336 1812 G. VERDI
203 1741 858 1813 5. Nabuchodonosor (ouverture).
1122 1802 1458 1881 G. MEYERBER
201 1799 1084 1895 6. Le Prophète (transcription par K. Hanssens)
1114 1867 1348 1953 H. WeYTS
201 1875 586 1956 7. a) Feux-follets.
1112 1934 1348 2013 A. CORBIN
259 1940 537 2024 b) Patrouille
1108 1999 1362 2101 P. LACOME
203 2003 800 2107 8 Morena (valse espagnole)
206 2126 1347 2192 Concerts de Symphonie : Les Jeudis et Dimanches à 8 heures du soir.
209 2181 1472 2242 Concerts militaires (Harmonie): Les Lundis, Mercredis, Jeudis, Samedis et
369 2223 1361 2300 Dimanches, à 3 1/2 hs de l’après-midi ; les Mardis à 8 hs du soir.
753 2285 924 2360 e
266 2330 1471 2418 N. B. — On ne pourra retenir sous aucun prétexte des chaises ou des places
207 2393 999 2467 non occupées, ni déplacer le mobilier des terrasses.
266 2434 1197 2514 En cas de mauvais temps, les auditions ont lieu dans la salle-
256 2605 558 2676 Etabl. Vre. Theunis. — Anvera
