1839 2733
504 216 1493 310 Koninklijke Maatschappij van Dierkunde
805 313 1215 403 in Antwerpen
367 384 1616 465 ̃- ̃  ==================̃̃.̃
465 445 1538 529 Don derdag 9 Augustus 1900, te 8 ure's avonds
367 576 1612 736 Symonisen Concert
431 733 1569 824 DOOR HET ORKEST DER MAATSCHAPPIJ
529 810 1486 904 onder leiding van M. EDMARD REURVEIS
955 890 1040 984 N
786 984 1208 1101 programma
918 1089 1070 1142 le DEEL
357 1118 774 1201 I. Bruiloftsmarsch.
1258 1142 1535 1215 EUG. HUTοY
354 1187 1222 1244 2 allegro con brio (1e deel van de symfonie in fa)
1259 1197 1500 1264 PH. RüFER
357 1245 1214 1316 3. a) Rigodon uit het zangspel Dardanus
1264 1250 1486 1309 J. RAMEAU
412 1284 1040 1334 b) Twee hongaarsche dansen
1255 1294 1475 1358 FR. BEHR
478 1330 1363 1399 (voor orkest bewerkt door Edw. Keurvels.)
352 1372 1045 1458 4 Anacreon (openingstuk).
1251 1381 1497 1455 CHERUBINI
915 1428 1071 1502 2e DEEL
346 1475 876 1551 5. Oberon (openingstuk)
1251 1479 1627 1563 C. M. VONWEBER
354 1529 1164 1594 6. Herdersliedje (solist : M. K. Rovies, hobo
1250 1544 1516 1610 A. FLÉGlER
349 1585 954 1646 7. Peer Gyat (Iste orkestsuite)
1259 1594 1580 1663 EDVARD GRIEG
451 1621 1355 1707 a) Zomermorgen in het Noorweegsche gebergte.
450 1662 702 1710 b) Ase's dood.
451 1701 1360 1756 Ase, de oude moeder van Peer, ligt te zieltogen Bij het
451 1731 1352 1782 bed gezeten zijner stervende moeder, vertelt Gynt haar
453 1767 1355 1812 eene der menigvuldige legenden, waarmede zij hem in
448 1801 1350 1873 zijne kindschheid zoo vaak wiegde. Als het vertelsel
456 1837 816 1881 eindigt, ontslaapt Ase.
448 1864 756 1909 c) Anitra's dans.
446 1897 1352 1953 Peer Gijnt verbeeldt zich Keizer en Profeet te zijn. In de
448 1934 1353 1988 tent van een Arabisch opperhoofd, ligt hij uitgestrekt op
450 1966 1356 2017 een divan. Anitra, dochter van den hoofdman, en hare
453 2005 1112 2063 gezellinnen, dansen en zingen voor hem.
448 2036 1082 2080 d) In de halle van den Bergkoning.
453 2066 1356 2122 Aan het koninklijk hof Berggeesten en Kahouters vieren
448 2099 1349 2154 bij dans en vreugdegeroep de verlowing van Peer Gynt
450 2136 1345 2194 met ’s konings dochter. De krocht stort in, en alles ver-
443 2165 1085 2232 zwindt bij een laatsten ruwen schreeuw.
346 2199 872 2271 8. Wiener Blut (wals).
1248 2205 1546 2301 JOH. STRAUSS
338 2263 1494 2337 Symfonische Concerten : Donderdagen en Zondagen te 8 ure is avonds.
343 2312 509 2376 Militaire
526 2316 1601 2371 Concerten (Harmonie): Maandagen, Woensdagen, Donderdagen
503 2357 1599 2428 Zaturdagen en Zondagen te 3 i/2 ure snamiddags; Dinsdagen te 8 ure
528 2384 681 2442 's avonds.
883 2415 1053 2483 twee
437 2448 1604 2522 L.W. — Niet ingenomen stoelen of plaatsen mogen onder geen voorwendse.
343 2509 1601 2567 voorbehouden worden; ook moeten de meubelen der voorpleinen ter plaatse blijven.
434 2545 1508 2602 In geval van ongunstig weder geschieden de Concerten in de Feestzial.
