1834 2724
475 198 1391 303 Société Royale de Zoologie d’Anvers
294 310 1538 391 ̃ ̃̃"̃-̃ *̃*̃
489 371 1369 451 Jeudi 16 Août 1900, à 8 heures du soir
327 465 1568 660 Concert de Symphonie
407 669 1458 742 PAR L’ORCHESTRE DE LA SOCIÉTÉ
440 734 1420 833 sous la direction de M. accavo KEURVéLS
886 815 963 918 R.
731 911 1130 1028 programme
817 1015 1024 1105 Grc PARTIE
283 1068 710 1145 I. Marche nuptiale.
1183 1084 1466 1152 EUG. HUTOY
288 1144 1156 1205 2. allegro conbrio (1re partie de la symphonie en ja)
1189 1144 1436 1219 PH. RÜTER
289 1191 1004 1260 3. a) Rigodon de l’opéra Dardanus
1193 1200 1424 1282 J. RAMEAU
339 1244 894 1304 b) Deux danses hongroises
1185 1255 1414 1332 FR. BEHR
368 1288 1039 1365 (orchestrées par Edw. Keurvels)
280 1347 768 1422 4. Anacréon (ouverture
1182 1358 1430 1430 CHERUBINI
823 1411 1020 1482 2e PARTIE
281 1452 745 1526 5. Obéron (ouverture)
1183 1455 1556 1552 C.M. VONWEBER
281 1516 1141 1593 6. Villanelle (soliste: M.C.Rovies: hautbois).
1172 1527 1439 1600 A. FLÉGlER
283 1585 988 1648 7. Peer Gynt (Ie suite d'orchestre)
1183 1585 1510 1664 EDVARD GRIEG
383 1644 1271 1695 a) Matin d’été dans les montagnes norwégiennes.
382 1677 702 1722 b) La mort d'Ase.
380 1711 1284 1766 La vielle Ase, mère de Peer, agonise. Le fils s’assied au
387 1747 1287 1796 pied du lit et conte à sa mère mourante une des mille
383 1783 1282 1840 légendes dont elle le berçait pendant son sommeil d’enfant.
382 1821 1166 1864 Au dernier mot du conte, Ase expire doucement.
382 1849 775 1889 c) La danse d'Anitra.
380 1873 1276 1934 Dans la tente d'un chef arabe. Peer Gynt, se croyant Em¬
385 1918 1282 1970 pereur et Prophète, est étendu sur un divan. Anitra, fille
383 1953 1276 2002 du chef, et ses compagnes dansent et chantent devant lui.
383 1983 1068 2027 d) Dans la halle du Roi des montagnes
383 2011 1276 2071 La cour du roi. Gnômes, esprits et lutins fêtent de leurs
383 2044 1279 2102 danses et de leurs cris les fiançailles de Gynt avec la fille
382 2077 1282 2145 du roi. Subitement la caverne s’écroule. Tout disparaît
380 2110 767 2165 dans un grand cri final.
275 2145 756 2220 8. Wiener Blut (valse).
1178 2159 1486 2244 JOH. STRAUSS
273 2228 1416 2307 Concerts de Symphonie : Les Jeudis et Dimanches à 8 heures du soir,
277 2277 1538 2349 Concerts militaires (Harmonie): Les Lundis, Mercredis, Jeudis, Samedis et
442 2311 1436 2385 Dimanches, à 3 1/2 hs de l'après-midi ; les Mardis à 8 hs du soir.
828 2365 910 2423 des
932 2363 993 2420 durch
333 2404 1543 2495 N. B. — On ne pourra retenir sous aucun prétexte des chaises ou des places
273 2434 1059 2494 non occupées, ni déplacer le mobilier des terrasses.
333 2475 1270 2553 En cas de mauvais temps, les auditions ont lieu dans la salle
303 2561 611 2671 Stabi. Vve. Theunis. - Auvers.
