1843 2720
426 235 1411 340 Koninklijke Maatschappij van Dierkunde
723 333 1133 429 in Antwerpen
285 410 1532 484 x. 3.3.6.itiin Uudestettuksen. M. A.
370 474 1464 566 Donderdag 23 Augustus 1900, te 8 ure ’s avonds
295 618 1548 783 Symonisch concert
352 785 1486 867 DOOR HET ORKEST DER MAATSCHAPPIJ
449 869 1401 960 onder leiding van M. EDMARD REURVELS
861 944 955 1031 26
700 1039 1118 1152 programma
828 1151 988 1209 je DEEL
279 1192 1081 1270 1. Athalia (krijgsmarsch der Priesters)
1157 1195 1538 1283 F. MENDELSSOHN
276 1258 653 1327 2. Asgaardsreien
1168 1270 1414 1343 OLE OTSEN
375 1299 1272 1357 De Scandinaven noemen “ Asgaardsreien „ de Wal-
372 1348 1278 1392 kuren,wier gevleugeldeébende aangevoerd wordt door den
377 1382 1275 1433 God Donner. Zij dragen de gesneuvelde helden van het
377 1419 1234 1460 oorlogsveld en voeren ze mede in hunnen wilden rit.
381 1445 1274 1497 Twee versmade verliefden vallen te midden van een bruiloft-
374 1482 1272 1532 feest en werpen zich op den verloofde; terwijl de vrouwen
374 1521 1266 1556 de hulp des Hemels inroepen, verschijnen als een storm-
380 1549 1272 1592 wind de Asgaardsreien op het slagveld, lichten de
375 1576 1166 1647 strijders op, en vervolgen hunne vaart door de lucht.
270 1619 575 1685 3. a) Serenade
1073 1622 1527 1699 E. MEYER-HELMUND
325 1671 1130 1753 b) Charlotte Corday (tusschenspel en baltooneel)
1159 1680 1480 1743 PETER BENOIT
263 1726 843 1817 4. Im Herbst (openingstuk).
1152 1734 1485 1822 EDVARD GRIEG
823 1802 982 1873 2e DEEL
314 1847 1004 1923 Benvenuto Cellini ( openingstuk)
1146 1865 1527 1937 HECTOR BERLIOZ
263 1921 1108 1983 6. Lohengrin (omschrijving door J. Dupont)
1149 1925 1474 1996 RICH. WAGNER
399 1967 946 2025 (Trompet-solo : M.  jos Willems).
701 2000 783 2044 ad
262 2003 556 2070 7. Nachtzang
1146 2000 1469 2087 FRED. CHOPIN
397 2041 949 2122 (Viool-solo : M. Edm. De Herdt.)
262 2100 679 2175 8. Boertige optocht
1075 2103 1504 2186 L. MORTELMANS
255 2196 1404 2251 Symfonische Concerten : Donderdagen en Zondagen te 8 ure is avonds.
255 2235 1520 2289 Militaire Concerten (Harmonie): Maandagen, Woensdagen, Donderdagen
422 2281 1512 2323 Zaturdagen en Zondagen te 3 i/2 ure s namiddags; Dinsdagen te 8 ure
435 2308 596 2360 's avonds.
801 2347 976 2410 Buxes
345 2377 440 2442 L.W.
497 2396 1516 2437 Niet ingenomen stoelen of plaatsen mogen onder geen voorwendse
254 2435 1515 2473 voorbehouden worden; ook moeten de meubelen der voorpleinen ter plaatse blijven.
339 2473 1419 2527 In geval van ongunstig weder geschieden de Concerten in de Feestzaal.
