1843 2724
413 240 1329 352 Société Royale de Zoologie d’Anvers
238 347 675 432 vereinteresseren wurde.
670 350 870 435 nagestes
864 372 1477 462 innunrukserennissä
380 463 1346 538 Dimanche 26 Août 1900, à 8 heures du soir
277 571 1497 772 Concert de Symphonie
340 776 1401 884 PAR L’ORCHESTRE DE LA SOCIÉTÉ
378 859 1360 962 sous la direction de M. accavo KEURVELS
818 968 906 1070 etc.
671 1077 1077 1203 programme
753 1211 958 1288 tre PARTIE
219 1283 869 1363 I. joyeux fêtards (marche)
1148 1293 1423 1374 AD. GAUWIM
218 1337 1116 1433 2. Piccolino (transcription par Lod. Durlet).
1148 1365 1419 1430 E. AUIRAUD
221 1409 914 1486 3. a) Stabat mater (cujus animam)
1151 1425 1393 1496 G. RossINI
276 1472 859 1538 b) Zigeunerserenade
1155 1479 1362 1554 W. NEHL
214 1526 1354 1616 4. Le Voyage en Chine (ouverture). F. BAZIN
757 1622 955 1710 2e PARTIE
219 1685 1480 1786 5. Les Mousquetaires de la Reine (ouverture). J. F. E. HALEVY
213 1750 728 1835 6. Attila (transcription).
796 1781 892 1844 ...
924 1761 1363 1854 G. G. Verbi
216 1824 779 1895 7. a) Menuet de « Manon ».
1103 1838 1422 1912 J. MASSENET
262 1884 1393 1970 b) Estudiantina (caprice espagnol) P. LACOME
214 1936 660 2035 8. La Vague (valse)
1140 1950 1370 2054 O. MÉTRA
208 2073 1354 2150 Concerts de Symphonie : Les Jeudis et Dimanches à 8 heures du soir,
208 2142 1474 2204 Concerts militaires (Harmonie): Les Lundis, Mercredis, Jeudis, Samedis et
380 2177 1370 2254 Dimanches, à 3 1/2 hs de l'après-midi ; les Mardis à 8 hs du soir.
758 2230 895 2303 wes
271 2286 1477 2375 N. B. — On ne pourra retenir sous aucun prétexte des chaises ou des places
210 2352 998 2401 non occupées, ni déplacer le mobilier des terrasses.
271 2386 1204 2457 En cas de mauvais temps, les auditions ont lieu dans la salle
249 2590 550 2675 Etabl. Vve. Theunis. — Anvere.
