1775 2729
358 199 1287 306 Société Royale de Zoologie d'Anvers
183 321 1428 408 + * * / * * * ̃ * * 3 1/2  =================
280 403 1346 474 Dimanche 2 Septembre 1900, à 8 heures du soir
239 535 1442 722 Concert de Symphonie
288 740 1343 823 PAR L’ORCHESTRE DE LA SOCIÉTÉ
338 841 1315 937 sous la direction de M. accavo KEURVELS
771 921 865 1034 etc.
626 1049 1024 1170 programme
719 1174 916 1262 1re PARTIE
189 1237 762 1317 I. La caravane (ouverture).
787 1264 866 1331 " *
1041 1257 1324 1335 M. GRETRY
194 1314 937 1398 2. La Faurette du Temple (fantaisie)
1070 1331 1365 1403 A. MESSAGER
188 1390 719 1459 3. Le dieu et la bayadère
1063 1398 1378 1479 D. FR. AUBER
316 1448 990 1522 (transcription par Ch. Hanssens).
194 1509 716 1601 4. Et allez donc! (polka).
1068 1518 1411 1598 GUST. DREYFUS
726 1570 919 1672 2e PARTIE
194 1658 539 1739 5. Zegemarsch
604 1675 1005 1753 * * * * • * *
1060 1667 1448 1769 JOS. HUYBRECHTS
195 1739 1270 1808 6. Carmen (transcriptiou par L. Jacobs). G. Bizet
197 1803 1367 1881 7. Deux danses hongroises JOH. BRAHOMS
197 1866 546 1961 8. Vision (valse).
1027 1878 1450 1961 EM. WALDTEUFEL
197 2002 1323 2075 Concerts de Symphonie : Les Jeudis et Dimanches à 8 heures du soir,
199 2063 1454 2127 Concerts militaires (Harmonie): Les Lundis, Mercredis, Jeudis, Samedis et
366 2106 1340 2181 Dimanches, à 3 1/2 hs de l'après-midi ; les Mardis à 8 hs du soir.
813 2169 912 2230 Ses
735 2172 791 2224 die
260 2228 1453 2289 N. B. — On ne pourra retenir sous aucun prétexte des chaises ou des places
205 2269 979 2322 non occupées, ni déplacer le mobilier des terrasses.
263 2308 1174 2361 En cas de mauvais temps, les auditions ont lieu dans la salle
210 2555 511 2629 Etabl. Vve. Theuhls. — Anvers.
