1848 2679
431 177 1367 300 Société Royale de Zoologie d'Anvers
259 300 1498 387 ̃ ̃'̃̃"̃*̃ ⁠ⵔ�ⵆ�ⵜ
357 373 1429 474 Dimanche 9 Septembre 1900, à 8 heures du soir
275 496 1520 706 Concert de Symphonie
352 685 1422 800 PAR L'ORCHESTRE DE LA SOCIÉTÉ
404 800 1391 886 sous la direction de M. accavo KEURVELS
832 871 930 979 xx
680 995 1092 1111 programme
778 1122 977 1200 Ire PARTIE
238 1195 1400 1277 I. Marche des petits poussins. AD. GAUWIN
240 1263 758 1348 2. Le Char (ouverture)
793 1276 1381 1358 E. PESSARD
234 1334 1362 1410 3. Le Siège de Corinthe (transcription) G. RossINI
237 1396 1053 1471 4. Polka des boulevardiers
1072 1416 1419 1503 ROD. BEGER
772 1490 977 1572 2e PARTIE
229 1565 718 1656 5. Libella (ouverture).
928 1576 1465 1664 C. G. REISSIGER
230 1653 1399 1735 6. Czar und Zimmermann (transcription). A. LORTZING
224 1715 1495 1784 7. Une fête à Aranjuez (fantaisie espagnole) C.DeMERSMANN
362 1775 968 1838 Soliste: M. Edm. De Herdt, ( violon).
229 1816 703 1902 8.Chenonceaux (valse)
1058 1827 1396 1928 G. MICHIELS
229 1961 1367 2019 Concerts de Symphonie : Les Jeudis et Dimanches à 8 heures du soir.
229 1997 1493 2067 Concerts militaires (Harmonie): Les Lundis, Mercredis, Jeudis, Samedis et
390 2046 1385 2130 Dimanches, à 3 1/2 hs de l’après-midi ; les Mardis à 8 hs du soir.
769 2106 949 2187 a###s
289 2166 1495 2250 N. B. — On ne pourra retenir sous aucun prétexte des chaises ou des places
221 2234 1014 2283 non occupées, ni déplacer le mobilier des terrasses.
284 2270 1217 2348 En cas de mauvais temps, les auditions ont lieu dans la salle.
216 2545 526 2616 Etabl. Vve. Theunis. — Åhverä.
