1775 2715
391 218 1376 307 Koninklijke Maatschappij van Dierkunde
692 317 1095 391 in Antwerpen
287 396 1499 462 Mikkeiäsikkaa ollauksen voritäkorttoriin
336 452 1449 511 Donderdag 13 September 1900, te 8 ure ’s avonds
262 608 1463 730 Symonisen Concer
336 755 1471 820 DOOR HET ORKEST DER MAATSCHAPPIJ
430 828 1390 911 onder leiding van M. ED daRD REURVELS
846 905 935 996 Sz.
698 1009 1097 1118 programma
816 1113 969 1176 1e DEEL
259 1155 984 1256 I. Iwan Soussanine (opingstuk)
1187 1170 1529 1245 M. IW. Glimka
1198 1233 1456 1305 Jos. GUNG'L
254 1231 764 1288 2. a) Perpetuum mobile.
317 1285 701 1346 b) Kozakkendans
1146 1270 1531 1352 P. TsCHAikowski
259 1337 845 1393 3. Kinderspelen (orkestsuite
1188 1338 1381 1404 G. BZET.
326 1370 1297 1427 a) Marsch (Trompet en Trom) ; b) Wiegelied (de Pop) ; c) Im¬
326 1422 1299 1469 promptu (de Tol); d) Tweezang (Mannetje—Vrouwtje); e) Galop
333 1452 575 1504 (het Dansfeest).
260 1496 659 1576 4. Bruiloftsmarsch
1188 1483 1439 1570 E. PINELLI
816 1559 976 1627 2e DEEL
1190 1592 1516 1690 G. MEYERBEER
259 1611 701 1696 5. Fakkeltocht nr 3
259 1682 701 1753 6. Fiesque (voorspel)
1190 1676 1409 1753 ED. LALO
273 1743 599 1806 7. a) Oude dans
1190 1732 1474 1802 PAUL RUBEN
312 1772 705 1858 b) Vroolijke wals
1190 1784 1527 1857 EM. WAMBACH
260 1843 739 1921 8. Rienzi (openingstuk,
1192 1833 1531 1912 RICH. WAGNER
290 1918 1527 1972 BERICHT. — Koorafdeeling : Ter studie, voor de opening der Winterfeesten :
265 1964 1529 2011 EVE. mysterie in 3 deelen. gedicht van L. Gallet, muziek van J. Massenet. De
262 2005 1529 2046 repetitien hebben plaats iedere week, in September ’s Zaturdags, te 8 ure’s avonds
266 2030 1527 2085 voor de Dames, te 9 ure voor de Heeren ; in October ’s Vrijdags op dezelfde uren.
295 2071 1099 2122 Inschrijvingen worden ontvangen op deze repetitiën.
257 2134 1406 2191 Symfonische Concerten : Donder dagen en Zondagen te 8 ure ’s avonds.
254 2183 430 2240 Militaire
446 2180 1521 2232 Concerten (Harmonie) : Maandagen, Woensdagen. Donderdagen,
426 2216 1521 2260 Zaturdagen en Zondagen le 3 1/2 ure’s namiddags; Dinsdagen te 8 ure
437 2252 599 2314 's avonds.
824 2263 980 2331 3,4,3,58
353 2309 1526 2372 L.W. — Niet ingenomen stoelen of plaatsen mogen onder geen voorwendsel
262 2364 1521 2415 voorbehouden worden; ook moeten de meubelen der voorpleinen ter plaatse blijven.
353 2391 1431 2446 In geval van ongunstig weder geschieden de Concerten in de Feestzaal.
