1775 2692
411 200 1341 301 Société Royale de Zoologie d'Anvers
238 321 1475 381 (3,3)3.................................  =================..........................
335 401 1405 463 Dimanche 16 Septembre 1900, à 8 heures du soir
266 485 1500 677 Concert de Symphonie
343 703 1405 799 PAR L’ORCHESTRE DE LA SOCIÉTÉ
386 804 1371 873 sous la direction de M. accavo KEURVELS
826 877 913 973 86
667 982 1084 1102 programme
768 1095 969 1163 tre PARTIE
233 1176 979 1229 I. Gibby la Cornemuse (ouverture).
1168 1166 1473 1246 L. CLAPISSON
233 1229 752 1294 2. a) Patrouille persane.
1177 1228 1478 1305 A. NEUECOUR
291 1287 779 1358 b) Le trot de l'amazone
1172 1292 1476 1364 FR. SPINDLER
233 1339 976 1442 3. La Folle (fantaisie par J. Berder)
1174 1355 1464 1426 ALB. GRISAR
230 1421 634 1511 4. Marche turque :
1176 1420 1498 1501 W. A. MoZART
773 1482 973 1542 2e PARTIE
230 1527 1056 1613 5. Le Capitaine Fracasse (ouverture).
1168 1544 1435 1634 E. PESSARD
234 1601 869 1667 6: a) Sérénade des mandolines
1169 1610 1493 1673 L.C.DESORMES
282 1659 916 1728 b) Pikk-packet (polka anglaise)
1174 1668 1479 1747 GABR.ALLIER
1004 1670 1081 1739 ..
246 1722 1080 1805 7. Roméo et Juliette (transcription par J. Dupont)
1155 1731 1454 1797 CH. GOUNOD
227 1783 803 1868 8. Souvenir viennois (valse)
1165 1793 1438 1884 AD. GAUWIN
261 1887 1497 1937 Avis. — Section Chorale : A l’étude pour l'ouverture de la prochaine saison
233 1914 1493 1969 d’hiver : EVE, mystère en 3 parties, poème de L. Gallet, musique de J. Massenet.
233 1958 1490 2003 Les répétitions ont lieu hebdomadairement en septembre, les samedis, à 8 hs pour
231 1991 1492 2040 les Dames, à 9 hs pour les Messieurs ; en octobre les vendredis, aux mêmes heures.
263 2030 962 2101 Les inscriptions sont reçues à ces répétitions.
231 2079 1360 2148 Concerts de Symphonie : Les Jeudis et Dimanches à 8 heures du soir.
225 2143 1492 2194 Concerts militaires (Harmonie): Les Lundis, Mercredis, Jeudis, Samedis et
397 2172 1383 2230 Dimanches, à 3 1/2 h° de l'après-midi ; les Mardis à 8 hs du soir.
771 2214 951 2274 Mikkei
293 2252 1490 2318 N. B. — On ne pourra retenir sous aucun prétexte des chaises ou des places
231 2285 1013 2345 non occupées, ni déplacer le mobilier des terrasses.
291 2334 1212 2398 En cas de mauvais temps, les auditions ont lieu dans la salle
231 2521 534 2619 Etabl. Vve. Theunis. — Anvers.
