1711 2743
361 265 1343 369 Koninklijke Maatschappij van Dierkunde
659 348 1065 433 in Antwerpen
259 416 1467 486 (5,3)3.3.  =================..........................  =================
304 494 1410 571 Donderdag 20 September 1900, te 8 ure ’s avonds
240 599 1495 761 Symfonisch Concert
303 798 1431 891 DOOR HET ORKEST DER MAATSCHAPPIJ
402 875 1351 979 onder leiding van M. EDWARD REURVELS
817 980 907 1067 N
659 1090 1067 1213 programma
786 1200 941 1277 Ie DEEL
232 1268 1490 1338 1. Marsch der Synode (uit het zangspel Henry VIII C.SAINT-SAENS
1162 1343 1435 1413 AD. SOMUEL
232 1343 929 1417 2. Caïn (presto uit de 6e symfonie)
226 1396 1151 1478 3. a) Komarinskija (fanlazie op Russische volksliederen)
1170 1396 1490 1471 M. IW. Glimka
1169 1453 1497 1523 G. MEYERBEER
287 1462 709 1528 b) Boheemsche dans
1111 1506 1495 1599 C. M. VON WeBER
232 1511 805 1597 4. Euryanthe (openingstuk)
786 1567 941 1644 2e DEEL
1161 1614 1445 1704 FR. J. FÉTIS
231 1630 740 1708 5. Concertopingstuk
803 1632 883 1696 .
1169 1690 1437 1757 F. SMETANA
234 1697 687 1762 6. a) Czekische dans
1169 1741 1454 1813 GABR. SEBEK
289 1741 900 1810 b) Twee Belgarische dansen
1162 1792 1492 1870 JOH. SVENDSON
234 1802 687 1881 7. Carnaval in Paris.
1147 1854 1490 1941 RICH. WAGNER
231 1859 596 1945 8. Kaisermarsch
267 1939 1486 2010 BERICHT. — Koorafdeeling : Ter studie, voor de opening der Winterfeesten :
231 2002 1489 2044 EVE, mysterie in 3 deelen. gedicht van L. Gallet, muziek van J. Massenet. De
234 2036 1487 2080 repetitien hebben plaats iedere week, in September ’s Zaturdags, te 8 ure’s avonds
234 2071 1487 2143 voor de Dames, te 9 ure voor de Heeren ; in October sVrijdags op dezelfde uren.
267 2108 1067 2174 Inschrijvingen worden ontvangen op deze repetitiën.
231 2176 1373 2239 Symfonische Concerten : Donderdagen en Zondagen te 8 ure's avonds.
231 2214 1481 2281 Militaire Concerten (Harmonie): Maandagen, Woensdagen, Donderdagen.
402 2265 1484 2339 Zaturdagen en Zondagen te 3 i/2 ure’s namiddags; Dinsdagen te 8 ure
411 2304 565 2361 s avonds.
775 2314 949 2381 Mikke
326 2339 1489 2424 L.W. — Niet ingenomen stoelen of plaatsen mogen onder geen voorwendsel
235 2406 1486 2469 voorbehouden worden; ook moeten de meubelen der voorpleinen ter plaatse blijven.
328 2447 1401 2502 In geval van ongunstig weder geschieden de Concerten in de Feestzaal.
