1748 2724
392 252 1374 364 Koninklijke Maatschappij van Dierkunde
686 348 1095 431 in Antwerpen
285 426 1497 497 ̃ ̃̃ t * * - * * * ^ * *  * *
373 486 1413 568 Zondag 23 September 1900, te 8 ure's avonds
337 595 1457 790 Wymsönisch Concer
342 809 1468 881 DOOR HET ORKEST DER MAATSCHAPPIJ
431 884 1383 984 onder leiding van M. EDMARD REURVELS
862 977 943 1075 etc.
702 1094 1114 1212 programma
826 1199 980 1275 Ie DEEL
1171 1257 1476 1331 ROD. BEGER
268 1267 686 1352 I. Inbrekersmarsch
1169 1320 1375 1391 G. VERDI
269 1325 804 1413 2. I due Foscari (fantazie)
892 1325 976 1390 ..
1171 1382 1531 1468 FR.A. BOIELDIEU
269 1394 1138 1459 3. La Dame blanche (bloemlezing door L. Durlet)
842 1449 1144 1522 und ein Abend
274 1449 821 1512 4. Ein Morgen. ein Mittag
1171 1478 1523 1561 FR. VON SUPPÉ
349 1498 812 1575 in Wien (openingstuk)
831 1547 990 1615 2e DEEL
1177 1586 1490 1674 G. Donizetri
282 1610 921 1678 5. Don Pasquale (openingstuk).
1176 1665 1547 1745 E. HUYBRECHTS
280 1662 988 1737 6. a) Herinnering aan Duinkerken
348 1720 933 1777 (Cello-solo : M. Joz. Van der Avort.)
1174 1728 1545 1826 S. TRANSIATEUR
335 1755 921 1832 b) De Zweedsche (mazurka)
1176 1807 1505 1876 D. FR. AUBER
282 1799 1147 1879 7. Le Philtre (bloemlezing door K. Hayssens).
1182 1866 1407 1953 F. ROGER
275 1866 938 1950 8. Provençaalsche bloem (wals)
318 1961 1544 2024 BERICHT. — Koorafdeeling : Ter studie, voor de opening der Winterfeesten :
280 2014 1542 2063 EVE, mystery in 3 deelen. gedicht van L. Gallet, muziek van J. Massenet. De
282 2049 1545 2099 repetitiën hebben plaats iedere week, in September ’s Zaturdags, te 8 ure’s avonds
279 2074 1542 2150 voor de Dames, te 9 ure voor de Heeren ; in October sVrijdags op dezelfde uren.
312 2115 1116 2189 Inschrijvingen worden ontvangen op deze repetitiën.
282 2191 1426 2255 Symfonische Concerten : Donderdagen en Zondagen te 8 ure ’s avonds.
469 2254 1538 2291 Concerten (Harmonie): Maandagen, Woensdagen, Donderdagen
283 2257 452 2324 Militaire
452 2282 1544 2350 Zaturdagen en Zondagen te 3 i/2 ure s namiddags; Dinsdagen te 8 ure
466 2323 622 2376 s avonds.
831 2331 1004 2409 ###
381 2384 1545 2447 L.W. — Niet ingenomen stoelen of plaatsen mogen onder geen voorwendsel
290 2428 1549 2482 voorbehouden worden; ook moeten de meubelen der voorpleinen ter plaatse blijven.
378 2461 1456 2540 In geval van ongunstig weder geschieden de Concerten in de Feestzaal.
