1725 2720
384 280 1363 388 Koninklijke Maatschappij van Dierkunde
673 377 1089 465 in Antwerpen
274 457 1486 528 ..............................................................
318 525 1430 605 Donderdag 27 September 1900, te 8 ure ’s avonds
252 611 1446 796 Symfonisch Concer
326 818 1446 896 DOOR HET ORKEST DER MAATSCHAPPIJ
417 907 1367 999 onder leiding van M. EDMARD REURVELS
840 979 929 1078 etc.
675 1071 1090 1197 programma
807 1187 962 1244 le DEEL
1170 1237 1443 1320 G. SPORTINI
252 1248 854 1341 I. La Vestale (opingstuk)
1172 1306 1452 1378 H. VAELPUT
252 1334 548 1394 2. a) Menuet
1167 1367 1488 1435 PETER BENOIT
310 1378 580 1438 b) Mazurka.
1165 1422 1513 1511 NIELS W. GADE
252 1427 910 1516 3. Hamlet (symfonisch tafereel).
1162 1488 1396 1568 ED. LALO
252 1493 858 1580 4. Le Roi d'Ys (openingstuk).
813 1549 970 1645 2e DEEL
1157 1621 1511 1701 HENicY LITOLFF
252 1624 816 1707 5. Maximilien Robespierre
357 1662 1082 1760 (opingstuk voor R. Griepenkerl’s treurspel)
1137 1721 1408 1803 J. S. BACH
255 1737 492 1812 6. Aria
1170 1782 1493 1876 W. A. MoZART
260 1795 886 1886 7. Don Giovanni (bloemlezing)
1162 1856 1494 1953 RICH. WAGNER
252 1875 586 1955 8. Festmarsch.
290 1980 1507 2025 BERICHT. — Koorafdeeling : Ter studie, voor de opening der Winterfeesten :
254 2008 1510 2060 EVE, mystery in 3 deelen, gedicht van L. Gallet, muziek van J. Massenet. De
254 2044 1510 2099 repetitiën hebben plaats iedere week, in September ’s Zaturdags, te 8 ure’s avonds
257 2077 1508 2144 voor de Dames, te 9 ure voor de Heeren ; in October ’s Vrijdags op dezelfde uren.
290 2119 1087 2183 Inschrijvingen worden ontvangen op deze repetitiën.
257 2205 1394 2252 Symfonische Concerten : Donderdagen en Zondagen te 8 ure's avonds.
260 2240 1504 2288 Militaire Concerten (Harmonie): Maandagen, Woensdagen, Donderdagen.
423 2276 1507 2326 Zaturdagen en Zondagen te 3 i/2 ure s namiddags; Dinsdagen te 8 ure
435 2318 584 2371 ’s avonds
802 2321 974 2399 Buxes
500 2374 1515 2437 Niet ingenomen stoelen of plaatsen mogen onder geen voorwendsel
351 2370 486 2442 L.W. —
255 2418 1511 2484 voorbehouden worden; ook moeten de meubelen der voorpleinen ter plaatse blijven.
349 2457 1421 2539 In geval van ongunstig weder geschieden de Concerten in de Feestzaal.
