1748 2729
437 301 1420 380 Koninklijke Maatschappij van Dierkunde
736 367 1144 445 in Antwerpen
329 432 1549 508 ....................................¬
415 490 1450 582 Zondag 30 September 1900, te 8 ure ’s avonds
307 582 1493 753 Symfonisch Concer
374 798 1502 862 DOOR HET ORKEST DER MAATSCHAPPIJ
459 846 1420 933 onder leiding van M. EDWERD REURVELS
902 927 977 1009 P.
731 980 1146 1100 programma
864 1081 1018 1155 le DEEL
1214 1138 1570 1211 THÉO CHARLiER
312 1124 738 1203 I. Elisabeth-marsch
375 1165 1502 1242 Getoondicht ter gelegenheid der verloving van H. K H. Prinses Elisabeth,
375 1228 993 1278 met Z.K.H. Prins Albrecht van België.
1203 1248 1549 1327 FR. VON SUPPÉ
359 1267 1122 1340 Die Irfahrt um's Gluck (opingstuk)
1206 1308 1520 1368 J. OFFENBACH
366 1315 676 1367 Herinneringen
381 1352 1464 1400 l Pepito. 2 Dragonette. 3 Geneviève de Brabant. 4 Les deux aveugles.
375 1404 1467 1445 5 Bataclan.6 Croquefer.7 La chanson de Fortunio. 8 Jeanne qui pleure.
377 1433 1471 1477 9 Orphée aux Enfers. 10 Le Moulin de Marly. 11 La Nuit Blanche. 12
375 1467 1477 1504 Le Pont des soupirs: 13 Le Violoneux. 14 Les Bavards. 15 Un mari à la
375 1493 1472 1553 Porte. 16 Le Financier. 17 Madame Favart. 18 I.a Fille du Tambour Major.
1212 1526 1368 1595 H. WE
309 1532 788 1605 4. Zomernacht (wals).
870 1572 1021 1642 2e DEEL
1193 1622 1570 1687 C. M. VONWEBER
309 1639 987 1699 5. Der Freischütz (openingstuk).
1193 1680 1460 1743 F. SMETANA
309 1687 1043 1753 6. De verkochte bruid (bloemlezing)
1193 1728 1502 1800 W. A. MoZART
367 1732 818 1797 Mijn hart verzucht....
415 1758 928 1833 (romance uit «Figaro's bruiloft.»)
1187 1791 1447 1868 G. RossINI
372 1817 902 1874 Willem Teli (openingstuk)
448 1841 1433 1917 Solisten: MM. Joz. Vander Avort (Cello), Hip. Vinck (fluit), en
481 1901 938 1955 K. Rovies (Engelsche hoorn).
307 1932 1572 2008 Zondag, 7 October, van 3 tot 5 ure s’ namiddags: Buitengewoon Concert door de
314 1994 1570 2059 Muziekkapel van het Tolwezen van Antwerpen, onder leiding van M. J. Leenaers.
344 2033 1570 2109 BERICHT. — Koorafdeeling : Ter studie, voor de opening der Winterfeesten :
307 2098 1572 2141 EVE, mysterie in 3 deelen, gedicht van L.. Gallet, muziek van J. Massenet. De
307 2133 1568 2177 repetitién hebben plaats iedere week, in September ’s Zaturdags, te 8 ure’s avonds
314 2175 1565 2221 voor de Dames, te g ure voor de Heeren ; in October ’s Vrijdags op dezelfde uren
345 2202 1148 2268 Inschrijvingen worden ontvangen op deze repetitiën.
309 2260 1450 2306 Symfonische Concerten : Donderdagen en Zondagen te 8 ure ’s avonds.
312 2297 1565 2344 Militaire Concerten (Harmonie): Maandagen, Woensdagen, Donderdagen
474 2333 1567 2394 Zaturdagen en Zondagen te 3 i/2 ure s namiddags; Dinsdagen te 8 ure
487 2371 646 2421 's avonds.
856 2390 1028 2445 gesser
405 2420 1570 2470 L.W. — Niet ingenomen stoelen of plaatsen mogen onder geen voorwendsel
314 2462 1568 2511 voorbehouden worden; ook moeten de meubelen der voorpleinen ter plaatse blijven.
402 2494 1479 2557 In geval van ongunstig weder geschieden de Concerten in de Feestzaal.
