1825 2624
487 160 1510 250 Koninklijke Maatschappij van Dierkunde
770 255 1238 334 van Antwerpen.
365 337 1607 417 (3,3)3 1,000 mM M.. M. M.M. 1. Mg.
408 405 1584 485 Zondag 18 November 1900, te 3 ½ ure ’s namiddags
370 569 1580 723 Symlonisch Concer
421 737 1578 836 DOOR HET ORKEST DER MAATSCHAPPIJ
517 843 1488 941 onder leiding van M. ED kano REURVELS.
953 930 1048 1034 N
803 1034 1214 1150 programma
923 1151 1074 1227 1° DEEL
364 1232 1591 1342 I. Czar und Zimmermann ( openingstuk). A. LORTZING
361 1311 829 1392 2. De Sterre (fantazie)
1263 1308 1633 1385 EM. CHABRIER
1137 1342 1214 1380 " *
364 1368 1510 1453 3. Carmen (bloemlezing door L. Jacobs). G. Bizet
365 1448 825 1540 4. Grieksche marsch
917 1448 1524 1535 L. GANNE
908 1524 1080 1589 2º DEEL
364 1599 789 1679 5. Festouverture.
946 1595 1578 1701 A. LEUTNER
367 1663 666 1736 6. aj Menuet.
1089 1663 1626 1747 L. BOCCHERINI
417 1719 1548 1795 b) Het Oponthoud ter Jacht G. RossINI
359 1798 1626 1855 7. Een feest te Aranjuez (spaansche fautazie). C. DEMERSEMANN
500 1841 1021 1907 (Viool-solo M. Edm. De Herdt.)
359 1883 876 1980 8. De Baar (wals).
977 1894 1540 1996 O. etc. METRA
923 1950 1017 1999 wegen
914 1972 1094 2038 A. W. A.
364 2027 1630 2095 Woensdag a. s., 21 dezer, te 8 ure ’s avonds : Concert met de medewerking van
465 2081 969 2152 Mej. J. Marchant, Zangeres.
365 2139 1633 2190 BERICHT. — Het is verboden in de Concertzaal te wandelen gedurende de
400 2182 1629 2228 muziekuitvoeringen. Niet ingenomen plaatsen mogen niet voorbehouden
402 2222 552 2291 worden.
