1816 2638
360 155 1286 242 Société Royale de Zoologie d’Anvers
188 277 1447 368 xyzkkstuksi oliweluksestoAuksA.
185 371 1460 445 Dimanche 25 Novembre 1900, à 3 ½ heures de l'après-midi
199 480 1428 690 Concert de Symphonie
309 695 1324 790 PAR L’ORCHESTRE DE LA SOCIÉTÉ
306 783 1324 881 sous la direction de M. EDMARD REURVE15.
770 880 861 999 FJ
599 993 1017 1116 programme
714 1133 920 1205 tre PARTIE
174 1197 1380 1288 I. Amor-Marsch C. A.RAIDA
175 1280 1399 1385 2. Les Dragon de Villars (ouverture). A. MAILLART
175 1350 810 1420 3. Les Amours du Diable
931 1352 1391 1463 ALB. GRISAR
309 1406 783 1479 (fantaisie par J. F. Janssens.)
171 1454 912 1552 4. Fleurs des bois (valse)
947 1466 1399 1575 M. GRAZIANI
706 1530 931 1632 2me PARTIE
169 1616 1450 1732 5. L'Etoile du Nord (ouverture) G. MEYERBER
186 1691 418 1774 6 Extase.
1108 1715 1339 1779 L. GANNE
271 1740 1307 1828 Solistes: Mlle M. Ontrop, (harpe) ; MM. Edm. De Herdt, ( violon),
424 1799 974 1857 et Jos Van der Avort, ( violoncelle).
171 1846 1398 1917 7. La Nuit de Walpurgis (ballet de l’opéra Faust) CH. GBUNOD
171 1914 1436 1981 8. Marche des Nobles (opéra Tannhäuser). RICH. WAGNER
738 1999 900 2062 Beregistreise
167 2061 1438 2142 Avis. — Il est défendu de circuler dans la Salle de Concert pendant les
206 2124 982 2195 auditions, et de tenir des places non occupées.
239 2359 583 2435 Etabl. Vve Jos. Theunis.
