1885 2597
370 159 1300 251 Société Royale de Zoologie d’Anvers
202 251 1463 319 (3,8)3.3.8. außerlauksestikset.
300 319 1370 389 Mercredi 28 Novembre 1900, à 8 heures du soir
241 391 1451 577 Concert de Symphonie
327 594 1335 674 PAR L’ORCHESTRE DE LA SOCIÉTÉ
315 663 1339 723 sous la direction de M. EDMARD REURVerLS.
790 729 877 818 H
642 807 1030 920 programme
740 907 934 975 ire PARTIE
197 956 532 1036 I. Festmarsch
1122 956 1425 1036 ANT. DAVORAK
191 1015 1026 1099 2. Une nuit à Carlstein (ouverture de l'opéra)
1104 1020 1454 1099 ZDENKO FIBICH
195 1076 968 1139 3. Crépuscule (idylle) 1e exécution à Anvers.
1144 1090 1400 1142 1850 + 1900
1249 1126 1352 1166 B8
265 1126 1320 1188 Solistes: MM. Jos. Van der Avort ( violoncelle), et Hip. Vinck (flûte)
224 1165 1458 1220 Zdenko Fibich, né à Seborschitz en l’an 1850 et mort à Prague en octobre 1900,
195 1211 1462 1250 est un des compositeurs les plus réputés de l'Ecole Nationale Tchèque, fondée par
203 1242 1463 1288 Franz Skroup (1801 + 1862) et Fréd. Smetana (1824 + 1884). Les nombreuses
197 1282 1458 1328 œuvres que produisit Fibich sont de la plus haute importance, tant au point de vue
194 1311 1463 1354 national qu’à celui de l'art pur. Sa création maîtresse est la trilogie » Hippodamia »
197 1346 1463 1390 drame lyrique parlé, dont les deux premières parties, Pelops et Tantalus, furent
194 1381 677 1438 exécutées à Anvers en 1892-94.
191 1404 1384 1482 4. Vltava! (La Moldau) Poème symphonique F. SMETANA
292 1460 802 1501 (2e partie du cycle : Ma Patrie).
240 1470 1462 1532 Deux sources jaillissent dans la forêt de Bohème : l'une est chaude et bouillonnante ; l’autre fraîche
191 1525 1460 1554 et tranquille. Les ondes, en marmurant joyeusement dans les rochers, se réunissent et brillent aux
191 1552 1462 1582 rayons du soleil matinal. Traversant les contrées de la Bohème, le rapide torrent grossit et devient le
189 1571 1463 1609 fleuve Vitava (la Moldau); il traverse des forêts épaisses dans lesquelles on entend de plus en plus
195 1598 1462 1635 distinctement le joyeux passage d'une chasse et le son du cor; il traverse des terres basses, riches en
194 1624 1460 1652 prairies, ou l'on célèbre gaiment une noce par des chants et des danses. La nuit, les nymphes des forèts
187 1652 1457 1686 et des eaux s’ébattent dans les ondes, qui étincellent au clair de lune et refletent de nombreux châteaux
186 1670 1462 1708 forts, témoins de la splendeur passée de la chevalerie et de la gloire guerrière disparue. Le fleuve
187 1698 1462 1740 bouillonne dans les rapides de Saint Jean, tourbillonne en cascades, et ses ondes écumantes se frayent
191 1724 1452 1757 violemment passage entre les parois du rocher, pour gagner le large lit dans lequel il coule majestueuse
189 1743 1463 1808 ment tranquille du côté de Prague, devant le vénérable château fort de Vyschrad qui lui souhaite la
187 1771 1250 1825 bienvenue, puis disparaît dans le lointain où le regard du poète ne peut plus le suivre.
721 1803 944 1876 2me PARTIE
189 1857 974 1914 5. Don César de Bazan (ouverture)
1099 1846 1419 1927 K. L. HANSSEN
189 1903 1003 1967 6. Milenka (suite d'orchestre extraite du ballet)
1109 1910 1371 1972 JAN Blockx
257 1956 1455 2016 a) Kermesse. b) Danse des Sabots. c) Entrée des Etudiants. d) Scène d’amour.
291 1988 640 2043 e) Entrée des Ziganes.
189 2029 960 2096 7. Parisina (introduction du 2e acte).
1041 2019 1457 2105 EDW. REURVLS
323 2072 887 2127 Rêve d’amour sur le lac de Lugano.
187 2096 1438 2173 8. Danse des spectres (1858) 1e exécution à Anvers PETER BENOIT
737 2156 912 2212 Beweest
187 2172 1454 2261 Avis. — Il est défendu de circuler dans la Salle de Concert pendant les
227 2237 998 2286 auditions, et de tenir des places non occupées.
183 2264 1460 2331 Mercredi, 5 Décembre: Concert avec le concours de Mlle Lucie CERVINI,
253 2310 410 2367 Pianiste.
261 2463 604 2537 Etabl. Vve Jos. Theunis.
