1875 2619
349 119 1271 232 Société Royale de Zoologie d’Anvers
460 244 1445 327 angen vielen sekään oli nykyän ryök-
178 224 411 319 N. O.
178 344 1448 425 Dimanche 2 Décembre 1900, à 3 1/2 heures de l'après-midi
189 476 1451 674 Concert de Symphonie
308 687 1323 795 PAR L’ORCHESTRE DE LA SOCIÉTÉ
311 785 1329 879 sous la direction de M. ED mira sD REURVELS.
779 885 858 976 N
612 996 1025 1139 programme
730 1129 926 1198 Ire PARTIE
194 1212 1445 1288 I. Le Cheval de bronze (ouverture).... D. FR. AUBER
194 1296 1394 1358 2. Le Mariage au tambour (santaisie). L. VASSEUR
194 1348 1440 1428 3. Gavotte Joséphine
197 1409 1363 1516 4. Si j'étais roi!... (transcription)... AD. ADAM
722 1507 947 1602 2me PARTIE
1131 1572 1463 1683 EM. WAMBACH
200 1583 1072 1686 5. Marche du sacre
1114 1661 1440 1739 JOH. STRAUSS
203 1656 669 1742 6. Wiener Blut (valse)
203 1718 1463 1802 7. Mon cœur soupire.. (romance des Noces de Figaro) W. A. MoZART
1141 1791 1385 1872 G. Rossin
198 1796 826 1880 8. Guillaume Tell (ouverture)
262 1857 1291 1924 Solistes: MM. Jos. Van der Avort ( violoncelle), Hip. Vinck (flûte),
306 1897 734 1965 et K. Rovies (cor anglais).
755 1970 928 2045 ⊃στουστειν
203 2035 1469 2097 Avis. — Il est défendu de circuler dans la Salle de Concert pendant les
240 2080 1015 2148 auditions, et de tenir des places non occupées.
203 2130 1475 2235 Mercredi, 5 Décembre: Concert avec le concours de Mlle Lucie CERVINI,
266 2187 427 2264 Pianiste.
276 2425 627 2508 Etabl. Vve Jos. Theunis
