1903 2642
582 60 1594 152 Koninklijke Maatschappij van Dierkunde
859 168 1324 247 van Antwerpen.
1017 237 1088 304 verte
470 215 824 308 xyztärkkeukset.
1097 239 1169 307 1555.
1339 225 1714 316 ʼaprurinuksi
574 308 1602 378 Woensdag 5 December 1900, te 8 ure's avonds
447 403 1651 576 Symfonisch Concer
501 610 1670 708 DOOR HET ORKEST DER MAÄTSCHAPPIJ
601 693 1572 773 onder leiding van M. ED Comparo REURVELS.
775 778 1398 851 en met de medewerking van
712 843 1450 942 Mej. Lucia CERVINI, Pianiste.
1055 941 1127 1028 No
887 1039 1292 1153 programma
1014 1143 1164 1227 1° DEEL
451 1192 884 1270 I. Kroningsmarsch
1303 1202 1714 1281 P. TsCHAIK0WSY
447 1254 1173 1336 2. Iwan Soussanine (opingstuk.
1316 1260 1679 1335 M. IWAN GliWA
459 1314 678 1388 3. Libgo
1314 1320 1603 1395 JOS. WIHTOL
555 1380 1494 1436 symfonisch tafereel op Lettische volkswijzen.)
515 1404 1720 1483 Het heilig bosch op de hoogte van den Blauwen berg bij maneschijn. De
447 1463 1720 1515 kalmte der nacht wordt onderbroken door het geschal der trompetten, welke
449 1499 1720 1545 het Lettische volk oproepen, om hulde te brengen aan de goden. Het volk begroet
451 1529 1716 1578 de priesters Percon en Potrimp, en omringt het altaar van Ligho, desf god der
454 1565 1714 1613 liefde en van den overvloed. Na de offerplechtigheid beginnen de vermakelijk-
451 1599 1716 1648 heden ; spel en dans wisselen af met liederen ter eere van Ligho. Trompetgeschal
451 1632 1714 1694 kondigt het einde van het feest aan ; de kalmte der nacht heerscht opnieuw in het
446 1663 644 1719 heilig oord.
447 1701 1165 1768 4. Concerto voor klavier en orkest
1300 1711 1618 1779 ANT. ARENSKY
582 1760 1592 1807 a) allegro maestoso ; b) Andante con moto ; c) Scherzo — finale.
544 1795 908 1877 Mej. L. CERVINI.
1003 1841 1162 1929 2º DEEL
451 1918 1173 1980 5. Sakuntala (opingstuk)..
1297 1916 1622 1992 C. GOLDMARK
443 1967 949 2045 6. Eenzame wandeling.
1303 1980 1706 2060 STEPHEN HELLER
1050 1997 1113 2062 .
452 2029 900 2103 7. a) Kleine studie.
1314 2043 1584 2109 ED. SCHUTT
509 2084 892 2152 b 13e Rhapsodie
1316 2097 1558 2171 FR. Liszt
547 2136 919 2209 Mej. L. CERVINI.
447 2198 787 2274 8. Concertwals.
1015 2203 1096 2268 3.
1298 2209 1578 2285 IGN. BRÜLL
991 2260 1173 2323 Beweest
549 2279 1611 2389 Concertvleugel Pleyel van het Huis L. Anthonis.
449 2359 1711 2443 Woensdag, 12 dez.. Concert met de medewerking van M. Hipp. VINCK.
579 2416 1267 2478 Fluit-solo bij het Orkest der Maatschappij.
447 2460 1714 2530 BERICHT. — Het is verboden in de Concertzaal te wandelen gedurende de
482 2503 1712 2581 muziekuitvoeringen. Niet ingenomen plaatsen mogen niet voorbehouden
489 2538 639 2587 worden.
