1898 2619
342 111 1270 202 Société Royale de Zoologie d’Anvers
172 180 1434 305 ̃ ̃M.  =================.................................  =================
169 310 1439 410 Dimanche 16 Décembre 1900, à 3 ½ heures de l'après-midi
202 405 1437 610 Concert de Symphonie
293 647 1308 721 PAR L'ORCHESTRE DE LA SOCIÉTÉ
293 729 1311 818 sous la direction de M. accavo KEURVELS.
743 813 840 928 N
601 931 1003 1050 programme
702 1056 897 1135 Grc PARTIE
172 1132 623 1210 I. Haydée (ouverture)
1042 1132 1350 1213 D. FR. AUBER
163 1203 685 1274 2. Ariele ( final de l’opéra)
1039 1200 1273 1279 EM. BACH
160 1259 682 1344 3. Martha (transcription)
1034 1270 1407 1355 FR. VON FLOT à W.
164 1338 403 1420 4. Carillon
1033 1331 1331 1415 CH. HEMLEB
685 1412 904 1488 2me PARTIE
163 1485 799 1577 5. Der Freischütz (ouverture).
1017 1485 1423 1581 C. M. VONWEBER
161 1562 568 1644 6. joyeux cortège
1031 1561 1406 1654 L. MORTELMANS
168 1630 1320 1706 7. Roméo et Juliette (transcription par J.Dupont) CH. GBUNOD
157 1694 621 1796 8. Les Sourires (valse)
1009 1697 1422 1793 EM. WALDTEUFEL
702 1769 886 1848 xx
163 1831 1423 1909 Mercredi 19 ct., à 8 heures du soir : Concert consacré aux œuvres de PAUL
188 1888 1417 1950 GILSON, avec le concours de MM. Ed. Levis (récitant) et Jos. Judels (basse)
161 1937 1418 2011 (v.t.)
157 1984 1420 2056 Dimanche, 23 ct., à 2 1/2 heures de l'après-midi, à l'occasion de la visite de
193 2038 1422 2084 Leurs Alte ses Royales Le Prince Albert et la Princesse Elisabeth de Belgique :
185 2081 1417 2147 Festival avec le concours de Mlle L.BRASS,soprano, de M.H.FONTAINE,
188 2122 874 2163 Basse, et du Chœur Mixte de la Société.
152 2160 1040 2217 Audition de la RUBENS-CANTATE (400 exécutants).
155 2220 1420 2283 Pour ce concert, l'accès de la salle aura lieu par l'entrée située à proximité
185 2261 1415 2331 des Guichets du Jardin. Les enfants âgés de moins de 12 ans ne seront pas admis.
742 2323 1407 2372 DATES DES ACTES
150 2372 1417 2443 Avis. — Il est défendu de circuler dans la Salle de Concert pendant les
185 2405 966 2486 auditions, et de tenir des places non occupées.
226 2532 2618 2618 Rabi. Vve Jos. Theunis.
