1823 2886
488 248 1388 334 Société Royale de Zoologie d'Anvers
301 344 1558 405 ̃ ̃ t * * r * * M * * * ^ * *
328 408 1542 486 Dimanche 3 Janvier 1904, à 3 ½ heures de l'après-midi
709 488 772 569 Y
323 557 1561 662 Oorloan ^ Da Brück-Orna
386 664 1487 747 PAR L’ORCHESTRE DE LA SOCIÉTE
447 729 1423 806 sous la direction de M. EDWERD REURVELS
888 798 968 896 R
729 888 1131 999 programme
839 982 1035 1053 1r° PARTIE
1166 1042 1442 1111 J. MASSENET
306 1042 729 1106 I. Marche héroïque
1167 1095 1562 1169 C. M. VON WeBER
306 1097 959 1166 2. Der Freischütz (ouverture)
1172 1147 1445 1214 J. NESVADBA
303 1151 795 1213 3. Loreley (paraphrose).
306 1197 1100 1255 4. Milenka (suite d’orchestre du ballet)
1172 1199 1437 1258 JAN Blockx
367 1250 1310 1300 a) Kermesse ; b) Danse des sahots; c) Entrée des Étudiants
372 1288 1183 1357 d) Scène d’amour ; e) Entrée des Zingaris et Finale.
839 1346 1031 1404 2e PARTIE
300 1390 1035 1476 5. Vysehrad (n° I du Cycle sympho¬
1167 1435 1464 1517 FR. SMETANA
467 1456 850 1520 nique Ma Patrie)
342 1511 1559 1553 A l'aspect de la célèbre forteresse de Vyschrad, le Poète entend chanter en
307 1550 1561 1589 sa mémoire les odes que Lunir, l’Orphée du peuple tchèque, composa en un
311 1581 1558 1625 passé lointain. A ses yeux, Vysehrad se dresse dans toute sa splendeur d'antan,
306 1616 1559 1657 avec ses sanctuaires arapes d'or, ses bourgs. altiers où éclatait la pompe des
307 1650 620 1701 princes et des rois.
336 1677 1566 1721 Au son joyeux des cymbales et des trompettes, les chevaliers valeureux
306 1713 1559 1757 s’assemblent sur les esplanades et s'apprètent au tournoi. Les combattants se
303 1749 1558 1802 rangent, revêtus de leurs armures, étincelant au soleil, et Vysehrad, qu'emplit
306 1782 1506 1821 la rumeur bruyante des chevaliers, résonne de cris et de chants d altéresse.
337 1809 1559 1865 Plongé dans sa méditation sur la gloire passée du vénérable bourg royal, le
311 1846 1556 1892 poète s'en rappelle aussi la déchéance. Les passion déchaînées et les luttes
303 1886 1548 1925 acharnées ont abattu sous leurs rafales les tourelles altières, dévasté les sanc
307 1912 1558 1970 tuaires glorieux et les majestueuses halles princières. Les hymnes et les
306 1953 1308 1995 chants d allégressé ont lait place à de sauvages scènes de guerre.
336 1980 1551 2027 L’ouragan, lasse, s’est apaisé : Vysehrad n’eist plus qu’une ruine morne,
306 2017 1555 2055 abondonnée, attestant la gloire du passé ; seuls y pleurent encore, vagues et en
303 2046 1556 2094 un écho douloureux, les hymnes, depuis longtemps éteints, de Lumir, le roi des
306 2083 480 2129 chanteurs.
301 2116 860 2196 6. Trois danses espagnoles
1167 2121 1366 2192 G. Bizet
307 2173 568 2235 7. Cavatina
1172 2174 1337 2239 J. RAFF
301 2214 968 2295 8. Le Roi des Aulnes (ouverture).
1170 2228 1492 2297 PETER BENOIT
298 2308 1551 2383 Mercredi, 13 Janvier, à 8 hs. du soir : Concert avec le concours de Mme A.
441 2372 1550 2411 VAN EISACKER, Cantatrice. Audition d'œuvres d’Auc DE BOECK.
301 2419 1559 2479 Mercredi 20 : Concert avec le concours de M. Théo YSAYE, Compositeur et
436 2460 584 2510 Pianiste.
303 2524 1489 2577 N.-B. — On ne pourra retenir sous aucun prétexte des places non occupées.
