1823 2886
425 268 1409 353 Koninklijke Maatschappij van Dierkunde
714 348 1114 427 VAN ANTWERPEN
292 398 1537 486 ( wenn wihrittelmattauksiittiitteliiikkeituksi
350 475 1478 532 Zondag 3 Januari 1904, te 3 ½ uren's namiddags
296 535 384 613 W.
1442 538 1539 617 W
1035 602 1530 712 COMAAT
289 613 984 711 Stadt OllesGld
314 712 1522 802 DOOR HET ORKEST DER MAATSCHAPPIJ
425 784 1406 860 onder de leiding van M. ED daRD REURVELS
868 850 952 948 86
715 933 1122 1037 programma
846 1020 988 1098 1° DEEL
1150 1070 1428 1145 J. MASSENET
342 1078 664 1145 Heldenmarsch,
1161 1128 1547 1203 C. M. VON WeBER
287 1128 952 1194 2. Der Freischütz ( openingstuk).
1166 1181 1434 1242 J. NESVADBA
344 1180 816 1238 Loreley (omschrijving)
344 1227 1079 1294 Miienka (orkestsuite uit het danspel
1164 1227 1429 1302 JAN hercke
358 1286 1297 1338 a) Kermis ; b) Holleblokkendans ; c) lntocht der Studenten
366 1319 1142 1385 d) Liefdetooneel ; e) Intocht der Zigeuners en Slot.
847 1363 1002 1424 2e DEEL
292 1407 1092 1489 5. Vysehrad (nr I uit den symfonischen
1166 1456 1456 1520 FR. SMETANA
461 1464 959 1530 Cyclus Mijn Vaderland).
323 1509 1544 1559 Bij den aanblik der roemvolle vesting Vysehred wordt de bichter herinnerd
287 1550 1548 1591 aan Lumir's Varytozangen uit het verre verleden. Voor zijne oogen verheft zich
301 1589 1545 1628 Vysehrad in al haren gewezen glans, bekroond met de goudgesmukte heilig¬
293 1617 1536 1660 dominen en de trotsche, van krijgsroem vervulde burchten der Premysliden
293 1660 629 1699 vorsten en koningen.
323 1683 1542 1729 Op de voorhoven en pleinen stroomt de dappere ridderschap, onder het
298 1722 1547 1770 opwekkend geluid van cimbaten en trompetten, te zamen voor ’t feestelijk
295 1752 1548 1796 steekspel. Ompantserd met hunne rijke wapenrustingen, schitterend in den
289 1788 1539 1834 zonneglans, rangschikken zich daar de krijgersscharen ten zegenrijken kamp.
306 1818 1541 1875 Vysehrad dreunt van heerlijke lofzangen en van het gejuich en gejubel der
292 1851 698 1895 strijdlustige ridderschap.
334 1868 1541 1926 Verdiept in de beschouwing van den alouden roem der koninklijke vesting,
292 1912 1542 1964 herdenki de Dichter tevens haren ondergang. De ontketende hartstochten halen
292 1955 1542 1999 in eenen verbitterden kamp de hooge torens neder, verwoesten de glorievolle
292 1981 1537 2025 heiligdommen en trotsche vorstenhallen. De verhevene gezangen en de jubel¬
292 2019 1188 2069 kreten hebben plaats gemaakt voor wilde krijgstoonelen.
334 2050 1544 2091 De schrikkelyke storm heeft uitgewoed : fyschrad is een stom verlaten
293 2085 1544 2134 gedenksteen geworden van verleden heerlijkheid; uit zijne puinen weerklinkt
292 2118 1544 2185 treurig nog de nagalm der sedert lang verstompde hymnen van den zangersvorst
295 2159 416 2206 Lumir.
1158 2166 1362 2245 G. Bizet
289 2181 838 2261 6. Drie Spaansche dansen
1169 2232 1332 2298 J. RAFF
345 2239 568 2298 Cavatina
1169 2275 1486 2358 PETER BENOIT
289 2278 966 2352 8. De Elzenkoning (opingstuk).
300 2367 1545 2424 Woensdag 13 Januari,te 8 uren ’s avonds: (1)néert met de medewerking van
430 2413 1547 2469 Mevr. Ad. VAN ETSACKEN, Zangeres. Uytvoering van werken van
427 2444 698 2497 AUG. DE BOECK.
295 2466 1548 2543 Woensdag 20 : Concert met de medewerking van den Heer Theo YSAYE,
431 2519 808 2568 Toondichter en Pianist.
439 2574 1547 2637 Niet ingenomen plaatsen mogen onder geen voorwendsel voorbehouden
287 2585 416 2640 N.-B.
433 2623 565 2672 worden.
999 2632 1476 2711 F. Janssens-Anthonis.— Antwerpen,
