2056 3099
543 130 1595 249 Société Royale de Zoologie d’Anvers
330 253 1786 337 ̃ ̃ t * * r * * * t * M * * a * *
348 336 1781 420 Dimanche 3 Janvier 1904, à 3 ½ heures de l'après-midi
1638 420 1716 512 Y
774 418 869 528 „
1086 425 1333 550 V
326 513 1795 618 Oorvan u da S Ia Münsche
413 620 1696 739 PAR L'ORCHESTRE DE LA SCIÉTE
484 713 1634 811 sous la direction de M. EDWERD REURVELS
998 789 1111 893 &C
816 899 1287 1021 programme
946 1005 1172 1093 Iro PARTIE
319 1064 811 1153 I. Marche héroïque
1318 1076 1658 1155 J. MASSENET
321 1141 1025 1218 2. Der Freischütz (ouverture)
1331 1142 1799 1225 C. M. VONWEBER
321 1199 899 1278 3. Loreley (paraphrose).
1333 1199 1652 1274 J. NESVADBA
325 1258 1243 1335 4. Milenka (suite d’orchestre du ballet)
1329 1256 1649 1331 JAN Blockx
400 1318 1480 1383 a) Kermesse ; b) Danse des sabots ; c) Entrée des Étudiants
400 1366 1351 1428 d) Scène d’amour; e) Entrée des Zingaris et Finale.
941 1425 1172 1493 2e PARTIE
317 1487 1181 1579 5. Vysehrad (n° I du Cycle sympho¬
506 1561 917 1630 nique Ma Patrie)
1322 1542 1676 1634 FR. SMETANA
358 1616 1786 1676 A l’aspect de la célèbre forteresse de Vyschrad, le Poète entend chanter en
326 1665 1784 1716 sa mémoire tes odes que Lumir, l’Orphée du peuple tchèque, composa en un
321 1700 1777 1755 passé lointain. A ses yeux, Vysehrad se dresse dans toute sa splendeur d'antan
315 1749 1786 1792 avec ses sanctuaires drapes d’or, ses bourgs. altiers ou éclatait la pompe des
325 1779 699 1836 princes et des rois.
359 1803 1781 1876 Au son joyeux des cymbales et des trompettes, les chevaliers valeureux
314 1858 1784 1905 s’assemblent sur les esplanades et s’apprètent au tournoi. Les combattants se
315 1896 1781 1955 rangent, revêtus de leurs armures, étincelant au soleil, et Vysehrad, qu’emplit
315 1938 1720 1988 la rumeur bruyante des chevaliers, résonne de cris et de chants d allégresse.
359 1977 1779 2024 Plongé dans sa méditation sur la gloire passée du vénérable bourg royal, le
326 2008 1782 2067 poète s'en rappelle aussi la déchéance. Les passion déchaînées et les luttes
308 2059 1766 2107 acharnées ont abattu sous leurs rafales les tourettes altières, dévasté les sanc
315 2089 1784 2164 tuaires glorieux et les majestueuses halles princières. Les hymnes et les
317 2136 1491 2178 chants d'allégressé ont lait place à de sauvages scènes de guerre.
354 2166 1777 2224 L’ouragan, lasse, s’est apaisé : Vysehrad n’ést plus qu’une ruine morne,
315 2200 1775 2259 abandonnée, attestant la gloire du passé; seuls y pleurent encore, vagues et en
317 2254 1775 2323 un écho douloureux, les hymnes, depuis longtemps éteints, de Lumir, le roi des
315 2279 521 2347 chanteurs.
308 2327 966 2408 6. Trois danses espagnoles
1318 2314 1555 2419 G. Bizet
303 2386 636 2463 7. Cavatina
1328 2399 1520 2479 J. RAFF
308 2448 1087 2536 8. Le Roi des Aulnes (ouverture).
1318 2448 1691 2538 PETER BENOIT
303 2567 1770 2631 Mercredi, 13 Janvier, à 8 hs. du soir : Concert avec le concours de Mme A.
469 2628 1766 2688 VAN ElSACKER, Cantatrice. Audition d'œuvres d'Auc DE BOECK
312 2681 1777 2769 Mercredi 20 : Concert avec le concours de M. Théo YSAYE, Compositeur et
468 2723 640 2784 Pianiste.
303 2813 1691 2894 N.-B. — On ne pourra retenir sous aucun prétexte des places non occupées.
