2056 3099
460 142 1608 256 Koninklijke Maatschappij van Dierkunde
802 244 1273 335 VAN ANTWERPEN
306 320 1762 398 (4) 3,3. rt. A. M. M.. N.Y..,C.
378 391 1697 453 Zondag 3 Januari 1904, te 3 ½ uren's namiddags
768 460 1075 553 Yoursz
307 458 566 577 SVV
1628 458 1768 564 IH
1435 458 1613 564 B
1139 551 1757 664 Vorträat
300 555 1102 651 Sr. R. Ottbbr.
329 671 1737 773 DOOR HET ORKEST DER MAATSCHAPPIJ
458 749 1611 855 onder de leiding van M. EDWARD REURVELS
968 826 1077 937 R.
804 920 1279 1046 programma
955 1039 1129 1106 le DEEL
378 1084 744 1175 Heldenmarsch
1306 1091 1631 1175 J. MASSENET
1315 1146 1771 1237 C. M. VONWEBER
296 1155 1077 1244 2. Der Freischütz ( openingstuk).
304 1211 922 1291 3. Loreley (omschrijving)
1319 1215 1642 1291 J. NESVADBA
362 1271 1231 1340 Miienka (orkestsuite uit het danspel
1311 1271 1630 1350 JAN Blockx
380 1320 1482 1400 a) Kermis ; b) Holieblokkendans ; c) Intocht der Studenten;
389 1379 1302 1435 d) Liefdetooneel ; e) Intocht der Zigeuners en Slot.
955 1430 1135 1495 2e DEEL
304 1475 1239 1564 5. Vysehrad (nr I uit den symfonischen
509 1542 1071 1617 Cyclus Mijn Vaderland)
1324 1531 1664 1615 FR. SMETANA
338 1579 1764 1653 Bij den aanblik der roemvolle vesting Vysehrad wordt de Dichter herinnerd
306 1642 1762 1691 aan Lumir's Varytozangen uit het verre verleden. Voor zijnc oogen verheft zich
313 1686 1762 1739 Vysehrad in al haren gewezen glans, bekroond met de goudgesmukte heilig
304 1728 1757 1775 domnien en de trotsche, van krijgsroem vervulde.burchten der Premysliden
313 1766 702 1817 vorsten en koningen.
347 1799 1764 1857 Op de voorhoven en pleinen stroomt de dappere ridderschap, onder het
304 1831 1762 1888 opwekkend geluid van cimbalen en trompetten, te zamen voor ’t feestelijk
309 1873 1762 1924 steckspel. Ompantserd met hunne rijke wapenrustingen, schitterend in den
304 1915 1753 1966 zonneglans, rangschikken zich daar de krijgersscharen ten zegenrijken kamp
315 1957 1753 2015 Vysehrad dreunt van heerlijke lofzangen en van het gejuich en gejubel de
306 1995 780 2048 strijdlustige ridderschap.
351 2015 1753 2086 Verdiept in de beschouwing van den alouden roem der koninklijke vesting
300 2061 1759 2121 herdenkt de Dichter tevens haren ondergang. De ontketende hartstochten halen
304 2119 1759 2172 in eenen verbitterden kamp de hooge torens neder, verwoesten de glorievolle
304 2152 1748 2206 heiligdominen en trotsche vorstenhalten. De verhevene gezangen en de jubel
304 2184 1344 2239 kreten hebben plaats gemaakt voor wilde krijgstoonelen.
346 2221 1759 2277 De schrikkehijke storm heeft uitgewoed : Vyschrad is een stom verlaten
304 2266 1757 2317 gedenksteen geworden van verleden heerlijkheid; uit zijne puinen weerklinkt
306 2308 1759 2375 treurig nog de nagalm der sedert lang verstompde hymnen van den zangersvorst
306 2350 444 2403 Lumir.
1315 2375 1504 2461 G. Bize
309 2379 953 2470 6. Drie Spaansche dansen.
1313 2441 1519 2523 J. RAFF
311 2446 598 2519 7. Cavatina
1320 2494 1691 2575 PETER BENOIT
296 2497 1077 2575 8. De Elzenkoning (opingstuk)
304 2586 1759 2666 Woensdag 13 Januari, te 8 uren’s avonds: (Inéert met de medewerking van
460 2648 1762 2719 Mevr. Ad. VAN EISACKER, Zangeres. Uuyoering van werken van
458 2688 780 2750 Auc. DE BOECK.
306 2721 1761 2806 Woensdag 20 : Concert met de medewerking van den Ueer Theo YSAYE,
464 2772 902 2832 Toondichter en Pianist.
464 2839 1762 2908 - Niet ingenomen plaatsen mogen onder geen voorwendsel voorbehouden
296 2850 446 2917 N.-B.
460 2894 618 2959 worden.
1115 2897 1677 2990 F. Janssens-Anthonis. — Antwerpen.
