<?xml version="1.0" encoding="UTF-8" standalone="yes"?>
<PcGts xmlns="http://schema.primaresearch.org/PAGE/gts/pagecontent/2013-07-15" xmlns:xsi="http://www.w3.org/2001/XMLSchema-instance" xsi:schemaLocation="http://schema.primaresearch.org/PAGE/gts/pagecontent/2013-07-15 http://schema.primaresearch.org/PAGE/gts/pagecontent/2013-07-15/pagecontent.xsd">
    <Metadata>
        <Creator>prov=READ-COOP:name=TrHtr:version=2.18.1:model_id=51170:date=16_10_2024_05:35</Creator>
        <Created>2024-10-15T15:14:58.387+02:00</Created>
        <LastChange>2024-10-16T05:35:47.404+02:00</LastChange>
        <TranskribusMetadata docId="4641973" pageId="80333602" pageNr="5" tsid="193993313" status="IN_PROGRESS" userId="131016" imgUrl="https://files.transkribus.eu/Get?id=BNQOERSGGYTEYWIKEWONWXQX&amp;fileType=view" xmlUrl="https://files.transkribus.eu/Get?id=OHSJYCQYCGZHNWSVRPJEYOEE" imageId="65794282"/>
    </Metadata>
    <Page imageFilename="0005_kca-srdda-cpr1904-030901108875-tx-00005.jpg" imageWidth="2056" imageHeight="3099">
        <ReadingOrder>
            <OrderedGroup id="ro_1757315573410" caption="Regions reading order">
                <RegionRefIndexed index="0" regionRef="tr_2"/>
                <RegionRefIndexed index="1" regionRef="tr_1"/>
            </OrderedGroup>
        </ReadingOrder>
        <TextRegion id="tr_2" custom="readingOrder {index:0;}">
            <Coords points="307,233 1767,233 1767,1446 307,1446"/>
            <TextLine id="tr_2_tl_1" custom="readingOrder {index:0;}">
                <Coords points="515,312 714,360 1149,332 1370,365 1452,307 1538,305 1540,237 1350,210 815,252 751,221 517,223"/>
                <Baseline points="525,295 558,295 603,295 647,295 692,295 737,292 782,292 826,295 871,295 916,295 961,292 1006,292 1050,292 1095,292 1140,289 1185,289 1230,289 1274,289 1319,286 1364,286 1409,286 1453,286 1498,283 1543,286"/>
                <TextEquiv>
                    <Unicode>Société Royale de Zoologie d’Anvers</Unicode>
                </TextEquiv>
            </TextLine>
            <TextLine id="tr_2_tl_2" custom="readingOrder {index:1;}">
                <Coords points="1565,451 1576,453 1582,449 1591,453 1594,449 1600,451 1603,447 1611,447 1622,453 1649,447 1649,374 1627,374 1624,378 1614,371 1611,373 1592,367 1574,378 1565,378"/>
                <Baseline points="1576,412 1621,412 1653,412"/>
                <TextEquiv>
                    <Unicode>F.T.</Unicode>
                </TextEquiv>
            </TextLine>
            <TextLine id="tr_2_tl_3" custom="readingOrder {index:2;}">
                <Coords points="451,533 1543,546 1572,542 1572,455 1456,478 1361,447 1282,486 1196,455 964,478 853,440 619,438 451,477"/>
                <Baseline points="462,519 501,519 546,522 591,522 635,522 680,522 725,522 770,522 815,522 859,522 904,519 949,519 994,519 1038,519 1083,519 1128,519 1173,516 1218,516 1262,519 1307,516 1352,516 1397,516 1442,516 1486,516 1531,516 1576,516"/>
                <TextEquiv>
                    <Unicode>Mercredi 6 Janvier 1904, à 8 heures du soir</Unicode>
                </TextEquiv>
            </TextLine>
            <TextLine id="tr_2_tl_4" custom="readingOrder {index:3;}">
                <Coords points="298,773 657,791 1012,736 1119,811 1187,778 1355,809 1401,763 1762,760 1762,623 1172,615 1035,678 950,617 420,623 298,681"/>
                <Baseline points="307,731 352,740 397,740 441,746 486,746 531,746 576,746 620,746 665,749 710,746 755,746 800,743 844,746 889,746 934,743 979,743 1024,743 1068,743 1113,743 1158,743 1203,743 1247,743 1292,746 1337,743 1382,746 1427,743 1471,743 1516,743 1561,740 1606,740 1651,740 1695,740 1740,737 1767,737"/>
                <TextEquiv>
                    <Unicode>Concert de Symphonie</Unicode>
                </TextEquiv>
            </TextLine>
            <TextLine id="tr_2_tl_5" custom="readingOrder {index:4;}">
                <Coords points="402,897 648,933 738,893 893,935 977,886 1213,922 1372,886 1470,933 1633,895 1633,805 402,833"/>
                <Baseline points="412,880 426,880 471,880 516,880 561,883 606,883 650,880 695,880 740,880 785,883 829,880 874,880 919,880 964,880 1009,877 1053,877 1098,877 1143,877 1188,880 1233,880 1277,880 1322,880 1367,877 1412,877 1456,877 1501,877 1546,877 1591,877 1636,877"/>
                <TextEquiv>
                    <Unicode>PAR L'ORCHESTRE DE LA SOCIÉTÉ</Unicode>
                </TextEquiv>
            </TextLine>
            <TextLine id="tr_2_tl_6" custom="readingOrder {index:5;}">
                <Coords points="449,999 1592,1021 1592,933 449,941"/>
                <Baseline points="459,985 504,988 549,985 594,988 638,988 683,985 728,985 773,985 818,985 862,985 907,985 952,985 997,985 1041,985 1086,985 1131,982 1176,985 1221,982 1265,982 1310,982 1355,982 1400,982 1445,982 1489,979 1534,982 1579,982 1597,985"/>
                <TextEquiv>
                    <Unicode>sous la direction de M. EDWARD REURVELS</Unicode>
                </TextEquiv>
            </TextLine>
            <TextLine id="tr_2_tl_7" custom="readingOrder {index:6;}">
                <Coords points="975,1127 986,1127 1015,1109 1028,1109 1046,1101 1054,1105 1063,1096 1083,1099 1085,1010 1076,1010 1059,1025 1035,1012 1028,1017 1008,1015 1001,1023 993,1017 977,1017"/>
                <Baseline points="985,1089 1030,1092 1074,1089 1086,1089"/>
                <TextEquiv>
                    <Unicode>FJ</Unicode>
                </TextEquiv>
            </TextLine>
            <TextLine id="tr_2_tl_8" custom="readingOrder {index:7;}">
                <Coords points="783,1260 838,1275 888,1255 930,1284 1045,1255 1087,1225 1140,1238 1220,1222 1249,1244 1269,1238 1269,1163 1216,1171 1152,1151 1136,1165 1092,1149 926,1171 827,1127 783,1125"/>
                <Baseline points="794,1224 826,1218 871,1218 916,1218 961,1218 1006,1218 1050,1221 1095,1218 1140,1218 1185,1218 1230,1218 1274,1215"/>
                <TextEquiv>
                    <Unicode>programme</Unicode>
                </TextEquiv>
            </TextLine>
            <TextLine id="tr_2_tl_9" custom="readingOrder {index:8;}">
                <Coords points="599,1364 847,1340 1006,1373 1183,1344 1302,1372 1372,1342 1419,1361 1441,1357 1441,1267 1379,1291 988,1273 871,1300 599,1275"/>
                <Baseline points="609,1334 653,1337 698,1337 743,1334 788,1334 832,1334 877,1334 922,1337 967,1337 1012,1337 1056,1337 1101,1337 1146,1337 1191,1337 1236,1337 1280,1337 1325,1337 1370,1337 1415,1340 1445,1340"/>
                <TextEquiv>
                    <Unicode>Œuvres d’Hector BERLIOZ.</Unicode>
                </TextEquiv>
            </TextLine>
            <TextLine id="tr_2_tl_10" custom="readingOrder {index:9;}">
                <Coords points="913,1472 941,1454 981,1472 988,1465 1012,1472 1025,1461 1057,1474 1147,1452 1145,1397 1094,1401 1077,1393 1065,1401 1050,1390 1034,1397 1008,1390 992,1403 973,1397 964,1403 942,1393 935,1399 909,1395"/>
                <Baseline points="922,1430 967,1427 1012,1430 1056,1433 1101,1433 1146,1436 1152,1436"/>
                <TextEquiv>
                    <Unicode>1re PARTIE</Unicode>
                </TextEquiv>
            </TextLine>
        </TextRegion>
        <TextRegion id="tr_1" custom="readingOrder {index:1;}">
            <Coords points="295,1475 1758,1475 1758,2720 295,2720"/>
            <TextLine id="tr_1_tl_1" custom="readingOrder {index:0;}">
                <Coords points="285,1550 917,1540 1030,1574 1107,1536 1269,1561 1364,1532 1503,1563 1503,1483 1461,1477 285,1476"/>
                <Baseline points="295,1525 340,1528 385,1525 429,1525 474,1525 519,1525 564,1525 609,1528 653,1528 698,1528 743,1528 788,1528 832,1528 877,1528 922,1528 967,1531 1012,1531 1056,1531 1101,1531 1146,1531 1191,1531 1236,1531 1280,1531 1325,1531 1370,1531 1415,1531 1459,1528 1504,1528 1507,1528"/>
                <TextEquiv>
                    <Unicode>1. Marche hongroise de « La Damnation de Faust »</Unicode>
                </TextEquiv>
            </TextLine>
            <TextLine id="tr_1_tl_2" custom="readingOrder {index:1;}">
                <Coords points="285,1636 352,1622 420,1644 544,1633 608,1649 656,1625 694,1647 787,1653 807,1636 849,1640 849,1578 782,1591 632,1569 606,1587 491,1567 464,1580 405,1550 285,1596"/>
                <Baseline points="295,1612 340,1615 385,1615 429,1612 474,1615 519,1615 564,1615 609,1618 653,1615 698,1615 743,1615 788,1618 832,1618 853,1618"/>
                <TextEquiv>
                    <Unicode>2. Rob Roy (ouverture)</Unicode>
                </TextEquiv>
            </TextLine>
            <TextLine id="tr_1_tl_3" custom="readingOrder {index:2;}">
                <Coords points="290,1704 1634,1739 1634,1662 1563,1647 290,1651"/>
                <Baseline points="301,1698 346,1698 391,1698 435,1698 480,1698 525,1698 570,1698 615,1698 659,1701 704,1701 749,1701 794,1701 838,1704 883,1704 928,1704 973,1704 1018,1707 1062,1704 1107,1704 1152,1704 1197,1704 1241,1704 1286,1704 1331,1704 1376,1704 1421,1704 1465,1704 1510,1704 1555,1704 1600,1707 1639,1710"/>
                <TextEquiv>
                    <Unicode>3. Réverie et Caprice (romance pour violon etennestre)</Unicode>
                </TextEquiv>
            </TextLine>
            <TextLine id="tr_1_tl_4" custom="readingOrder {index:3;}">
                <Coords points="409,1759 541,1795 597,1775 623,1792 667,1777 825,1795 895,1770 928,1801 1052,1790 1052,1737 951,1719 909,1737 718,1722 626,1744 595,1722 568,1737 409,1728"/>
                <Baseline points="420,1758 465,1761 510,1761 555,1761 600,1761 644,1764 689,1764 734,1764 779,1764 824,1764 868,1764 913,1764 958,1764 1003,1764 1047,1767 1056,1767"/>
                <TextEquiv>
                    <Unicode>Violon-solo: M. Edmond De Herdt.</Unicode>
                </TextEquiv>
            </TextLine>
            <TextLine id="tr_1_tl_5" custom="readingOrder {index:4;}">
                <Coords points="909,1859 966,1868 977,1855 983,1861 988,1855 1014,1861 1065,1855 1116,1870 1147,1865 1145,1813 1088,1817 1076,1808 1056,1819 1028,1819 1012,1806 950,1813 924,1795 908,1795"/>
                <Baseline points="919,1845 964,1845 1009,1845 1053,1848 1098,1851 1143,1851 1152,1854"/>
                <TextEquiv>
                    <Unicode>2me PARTIE</Unicode>
                </TextEquiv>
            </TextLine>
            <TextLine id="tr_1_tl_6" custom="readingOrder {index:5;}">
                <Coords points="289,1952 369,1950 405,1978 579,1950 917,1965 915,1908 853,1916 807,1883 462,1905 436,1890 287,1918"/>
                <Baseline points="298,1940 343,1943 388,1940 432,1940 477,1940 522,1943 567,1943 612,1943 656,1943 701,1943 746,1943 791,1943 835,1943 880,1943 922,1943"/>
                <TextEquiv>
                    <Unicode>4. Symphonie fantastique</Unicode>
                </TextEquiv>
            </TextLine>
            <TextLine id="tr_1_tl_7" custom="readingOrder {index:6;}">
                <Coords points="493,2025 656,2042 681,2022 785,2022 820,2045 939,2016 995,2047 1161,2022 1216,2042 1216,1974 1189,1956 1048,1987 493,1969"/>
                <Baseline points="504,2012 549,2012 594,2012 638,2012 683,2012 728,2012 773,2015 818,2015 862,2012 907,2012 952,2012 997,2012 1041,2012 1086,2015 1131,2012 1176,2015 1221,2018"/>
                <TextEquiv>
                    <Unicode>(Episode de la vie d’un artiste)</Unicode>
                </TextEquiv>
            </TextLine>
            <TextLine id="tr_1_tl_8" custom="readingOrder {index:7;}">
                <Coords points="404,2076 469,2071 553,2091 630,2078 646,2095 718,2078 738,2089 833,2084 831,2044 769,2033 650,2042 606,2023 564,2042 504,2027 404,2047"/>
                <Baseline points="414,2068 459,2068 504,2068 549,2068 594,2071 638,2071 683,2071 728,2071 773,2074 818,2074 835,2071"/>
                <TextEquiv>
                    <Unicode>1. Rêveries, passions.</Unicode>
                </TextEquiv>
            </TextLine>
            <TextLine id="tr_1_tl_9" custom="readingOrder {index:8;}">
                <Coords points="477,2124 497,2120 506,2128 533,2131 570,2126 601,2135 610,2128 632,2133 630,2076 608,2080 595,2091 570,2080 550,2091 542,2084 508,2076 504,2082 475,2078"/>
                <Baseline points="486,2116 531,2116 576,2119 620,2119 632,2122"/>
                <TextEquiv>
                    <Unicode>Un hal.</Unicode>
                </TextEquiv>
            </TextLine>
            <TextLine id="tr_1_tl_10" custom="readingOrder {index:9;}">
                <Coords points="477,2181 522,2170 568,2184 610,2168 668,2182 714,2173 729,2186 769,2175 815,2190 840,2181 840,2139 822,2133 734,2140 681,2120 654,2140 608,2128 586,2142 570,2126 477,2131"/>
                <Baseline points="486,2164 531,2164 576,2167 620,2167 665,2167 710,2167 755,2167 800,2167 844,2170 847,2167"/>
                <TextEquiv>
                    <Unicode>Scène aux champs,</Unicode>
                </TextEquiv>
            </TextLine>
            <TextLine id="tr_1_tl_11" custom="readingOrder {index:10;}">
                <Coords points="478,2223 539,2235 579,2223 604,2235 630,2221 749,2235 785,2223 818,2241 836,2224 860,2223 860,2179 827,2190 789,2177 712,2186 687,2173 637,2193 594,2177 478,2179"/>
                <Baseline points="489,2215 534,2215 579,2215 623,2215 668,2215 713,2215 758,2218 803,2215 847,2215 862,2215"/>
                <TextEquiv>
                    <Unicode>Marche au supplice.</Unicode>
                </TextEquiv>
            </TextLine>
            <TextLine id="tr_1_tl_12" custom="readingOrder {index:11;}">
                <Coords points="413,2301 542,2301 603,2272 663,2288 824,2272 875,2303 933,2281 966,2310 1001,2308 1014,2224 833,2224 816,2243 785,2223 723,2243 683,2224 508,2224 482,2248 413,2230"/>
                <Baseline points="423,2260 468,2263 513,2263 558,2263 603,2263 647,2266 692,2266 737,2266 782,2266 826,2266 871,2263 916,2263 961,2263 1006,2266 1018,2266"/>
                <TextEquiv>
                    <Unicode>5. Songe d’une nuit de Sabbat.</Unicode>
                </TextEquiv>
            </TextLine>
            <TextLine id="tr_1_tl_13" custom="readingOrder {index:12;}">
                <Coords points="290,2453 1744,2471 1733,2403 290,2407"/>
                <Baseline points="301,2448 346,2448 391,2448 435,2451 480,2451 525,2451 570,2451 615,2451 659,2451 704,2451 749,2451 794,2451 838,2454 883,2451 928,2451 973,2451 1018,2451 1062,2451 1107,2454 1152,2454 1197,2454 1241,2454 1286,2454 1331,2454 1376,2454 1421,2454 1465,2454 1510,2454 1555,2454 1600,2454 1645,2454 1689,2454 1734,2457 1749,2457"/>
                <TextEquiv>
                    <Unicode>Mercredi, 13 Janvier, à 8 hs. du soir : Concert avec le concours de Mme A</Unicode>
                </TextEquiv>
            </TextLine>
            <TextLine id="tr_1_tl_14" custom="readingOrder {index:13;}">
                <Coords points="460,2518 1684,2526 1755,2511 1755,2473 458,2458"/>
                <Baseline points="471,2492 516,2498 561,2498 606,2498 650,2498 695,2498 740,2498 785,2501 829,2498 874,2501 919,2501 964,2501 1009,2501 1053,2501 1098,2501 1143,2501 1188,2501 1233,2501 1277,2501 1322,2498 1367,2501 1412,2501 1456,2501 1501,2501 1546,2501 1591,2501 1636,2501 1680,2504 1725,2504 1758,2504"/>
                <TextEquiv>
                    <Unicode>VAN EISACKER, Cantatricè. Audition d’œuvres d'AUG. DE BOECK.</Unicode>
                </TextEquiv>
            </TextLine>
            <TextLine id="tr_1_tl_15" custom="readingOrder {index:14;}">
                <Coords points="294,2570 1750,2580 1750,2540 1421,2522 294,2533"/>
                <Baseline points="304,2558 349,2561 394,2561 438,2564 483,2561 528,2564 573,2564 618,2564 662,2567 707,2567 752,2567 797,2567 841,2567 886,2567 931,2567 976,2567 1021,2567 1065,2567 1110,2567 1155,2567 1200,2567 1244,2567 1289,2567 1334,2567 1379,2567 1424,2567 1468,2570 1513,2570 1558,2570 1603,2570 1648,2570 1692,2570 1737,2570 1755,2570"/>
                <TextEquiv>
                    <Unicode>Mercredi 20 : Concert avec le concours de M. Théo YSYE, Compositeur et</Unicode>
                </TextEquiv>
            </TextLine>
            <TextLine id="tr_1_tl_16" custom="readingOrder {index:15;}">
                <Coords points="453,2626 473,2628 484,2621 500,2632 524,2630 535,2637 553,2621 562,2626 581,2621 590,2628 630,2621 628,2577 615,2573 599,2580 555,2575 548,2582 520,2584 502,2571 489,2579 451,2571"/>
                <Baseline points="462,2612 507,2612 552,2615 597,2615 632,2615"/>
                <TextEquiv>
                    <Unicode>Pianiste.</Unicode>
                </TextEquiv>
            </TextLine>
            <TextLine id="tr_1_tl_17" custom="readingOrder {index:16;}">
                <Coords points="298,2741 1662,2738 1684,2670 298,2677"/>
                <Baseline points="307,2704 352,2704 397,2704 441,2704 486,2704 531,2707 576,2707 620,2707 665,2707 710,2707 755,2707 800,2707 844,2707 889,2707 934,2707 979,2707 1024,2707 1068,2707 1113,2707 1158,2707 1203,2707 1247,2707 1292,2710 1337,2707 1382,2707 1427,2707 1471,2710 1516,2710 1561,2710 1606,2710 1651,2710 1686,2710"/>
                <TextEquiv>
                    <Unicode>N.-B. — On ne pourra retenir sous aucun prétexte des places non occurées.</Unicode>
                </TextEquiv>
            </TextLine>
        </TextRegion>
    </Page>
</PcGts>
