2056 3099
692 232 1473 339 Symphonie fantastique.
447 339 1756 422 Un jeune musicien d’une sensibilité maladive et d'une àmagination ardente.
400 420 1748 476 s’empoisonne avec de l’opium dans un accès de désespoir amoureux. La dos
403 470 1751 520 de narcotique, trop faible pour lui donner la mort, le plonge dans un lourd
405 503 1744 563 sommeil accompagné des plus étranges visions, pendant lequel ses sensations
405 553 1748 607 ses sentiments, ses souvenirs se traduisent dans son cerveau malade en pen¬
400 602 1746 664 sées et en images musicales. La femme aimée, elle-même, est devenue pour lui
400 647 1697 698 une mélodie et comme une idée fixe qu'il retrouve et qu’il entend partout.
963 712 1193 786 Pre PARTIE.
829 773 1303 848 Rêveries, passionS.
432 825 1736 907 Il se rappelle d'abord ce malaise de l'âme, ce vague des passion, ces mélan¬
397 895 1744 948 colies, ces joies sans sujet qu'il éprouva avant d’avoir vu celle qu’il aime
405 941 1744 997 puis l’amour volcanique qu'elle lui inspira subitement, ses délirantes angoises,
397 988 1697 1034 ses jal & ses fureurs, ses retours de tendresse, oes consolations religieuses.
956 1054 1188 1119 2mo PARTIE
959 1122 1056 1188 Un
427 1168 1707 1246 Il retrouve l’aimée dans un bal au milieu du tumulte d’une fête brillante.
941 1253 1195 1329 3me PARTIE.
817 1309 1305 1393 Scène aux Champs.
420 1368 1744 1437 Un soir d’été à la campagne, il entend deux pâtres qui dialectent un Ranz
388 1420 1736 1493 des vaches ; ce duo pastoral, le lieu de la scène, le léger bruissement des arbres
390 1481 1736 1537 doucement agités par le vent, quelques motifs d’espoir qu’il a conçus depuis
390 1526 1737 1575 peu, tout concourt à rendre à son cœur un calme inaccoutumé, à donner à
378 1571 1739 1631 ses idées une couleur plus riante. Mais elle apparaît de nouveau, son cœur
381 1620 1731 1670 se serré, de douloureux pressentiments l'agitent, — « si elle le trompait!... »
380 1663 1739 1724 L'un des pâtres reprend sa naïve mélodie, l'autre ne repond plus. Le soleil se
385 1702 1361 1780 couche... bruit éloigné du tonnerre solitude... silence
941 1768 1180 1848 4me PARTIE.
805 1837 1305 1912 Marche au supplice.
414 1888 1742 1961 Il rêve qu’il a tué celle qu'il aimait, qu' ’il est condamné à mort, conduit au
378 1956 1726 2017 supplice. Le cortège s'avance, aux sons d’une marche tantôt sombre et farouche
378 2003 1727 2071 tanlôt brillante et solennelle, dans laquelle un bruit sourd de pas graves
376 2053 1732 2112 succède sans transition aux éclats les plus bruyants. A la fin, l’idée fixe repa¬
376 2102 1724 2168 rait un instant comme une dernière pensée d'amour, interrompue par le coup
376 2131 480 2185 falal.
929 2183 1185 2256 5me PARTIE.
710 2248 1383 2334 Songe d'une nuit de Sabbat.
405 2317 1720 2378 Il se voit au Sabbat, au milieu d'une troupe affreuse d’ombres de sorciers
368 2366 1724 2431 de monstres de toute espèce réunis pour ses funérailles. Brujts étranges,
370 2409 1726 2475 gémissements, éclats de rire, cris lointains auxquels d’autres cris semblent
370 2465 1726 2515 répondre. La mélodie aimée reparait encore ; mais elle a perdu son caractère
370 2498 1729 2583 de noblesse et de timidité; ce n’est plus qu’un air de danse ignoble, Blvial et
371 2548 1720 2614 grotesque ; c’est elle qui vient au Sabbat... Rugissement de joie à son arrivée...
376 2595 1724 2661 Elle se mèle à l'orgie diabolique... Glas funèbre, parodie burlesque du Dies
373 2636 1563 2726 ir.a. Ronde du Sabbat. La Ronde du Sabbat et le Dies irae ensemble.
