<?xml version="1.0" encoding="UTF-8" standalone="yes"?>
<PcGts xmlns="http://schema.primaresearch.org/PAGE/gts/pagecontent/2013-07-15" xmlns:xsi="http://www.w3.org/2001/XMLSchema-instance" xsi:schemaLocation="http://schema.primaresearch.org/PAGE/gts/pagecontent/2013-07-15 http://schema.primaresearch.org/PAGE/gts/pagecontent/2013-07-15/pagecontent.xsd">
    <Metadata>
        <Creator>prov=READ-COOP:name=TrHtr:version=2.18.1:model_id=51170:date=16_10_2024_05:35</Creator>
        <Created>2024-10-15T15:14:58.666+02:00</Created>
        <LastChange>2024-10-16T05:35:47.846+02:00</LastChange>
        <TranskribusMetadata docId="4641973" pageId="80333604" pageNr="7" tsid="193993315" status="IN_PROGRESS" userId="131016" imgUrl="https://files.transkribus.eu/Get?id=LVKEXCFVJKHGTIZAKWKORSRI&amp;fileType=view" xmlUrl="https://files.transkribus.eu/Get?id=TOKIAGTKDECRSQTCNZNWADAU" imageId="65794284"/>
    </Metadata>
    <Page imageFilename="0007_kca-srdda-cpr1904-030901108875-tx-00007.jpg" imageWidth="2056" imageHeight="3099">
        <ReadingOrder>
            <OrderedGroup id="ro_1757315574164" caption="Regions reading order">
                <RegionRefIndexed index="0" regionRef="tr_1"/>
                <RegionRefIndexed index="1" regionRef="tr_2"/>
            </OrderedGroup>
        </ReadingOrder>
        <TextRegion id="tr_1" custom="readingOrder {index:0;}">
            <Coords points="247,245 1603,245 1603,1864 247,1864"/>
            <TextLine id="tr_1_tl_1" custom="readingOrder {index:0;}">
                <Coords points="536,307 1311,324 1311,243 536,249"/>
                <Baseline points="546,298 591,295 635,298 680,298 725,298 770,298 815,298 859,298 904,298 949,298 994,295 1038,295 1083,298 1128,298 1173,298 1218,295 1262,298 1307,298 1316,298"/>
                <TextEquiv>
                    <Unicode>Fantastische Symfonie.</Unicode>
                </TextEquiv>
            </TextLine>
            <TextLine id="tr_1_tl_2" custom="readingOrder {index:1;}">
                <Coords points="280,392 1479,395 1596,382 1596,332 280,341"/>
                <Baseline points="289,364 334,367 379,370 423,370 468,370 513,370 558,370 603,370 647,367 692,367 737,370 782,367 826,370 871,370 916,370 961,370 1006,370 1050,370 1095,370 1140,370 1185,367 1230,370 1274,370 1319,367 1364,370 1409,367 1453,367 1498,367 1543,367 1588,370 1600,373"/>
                <TextEquiv>
                    <Unicode>Een jong toondichter van eene ziekelijke gevoeligheid en vurige verbeelding</Unicode>
                </TextEquiv>
            </TextLine>
            <TextLine id="tr_1_tl_3" custom="readingOrder {index:2;}">
                <Coords points="244,433 1593,424 1555,377 244,373"/>
                <Baseline points="253,412 298,412 343,414 388,414 432,414 477,414 522,414 567,414 612,414 656,417 701,414 746,414 791,414 835,414 880,417 925,417 970,414 1015,414 1059,414 1104,414 1149,414 1194,414 1239,414 1283,414 1328,414 1373,414 1418,414 1462,414 1507,412 1552,414 1597,409"/>
                <TextEquiv>
                    <Unicode>heeft zich, in eenen aanval van wanhopige verliefuheid, met heulsap vergif¬</Unicode>
                </TextEquiv>
            </TextLine>
            <TextLine id="tr_1_tl_4" custom="readingOrder {index:3;}">
                <Coords points="244,470 1593,475 1593,426 244,434"/>
                <Baseline points="253,456 298,459 343,459 388,459 432,459 477,459 522,459 567,462 612,462 656,462 701,462 746,462 791,462 835,462 880,462 925,462 970,462 1015,462 1059,462 1104,462 1149,462 1194,459 1239,459 1283,462 1328,459 1373,459 1418,459 1462,459 1507,459 1552,459 1597,459"/>
                <TextEquiv>
                    <Unicode>tigd. Te zwak om hem den dood te geven, dompelt de verdoovende drank hem</Unicode>
                </TextEquiv>
            </TextLine>
            <TextLine id="tr_1_tl_5" custom="readingOrder {index:4;}">
                <Coords points="241,522 1516,524 1596,514 1596,468 241,470"/>
                <Baseline points="250,501 295,504 340,504 385,504 429,507 474,507 519,507 564,507 609,510 653,507 698,507 743,510 788,507 832,507 877,510 922,507 967,507 1012,510 1056,507 1101,507 1146,504 1191,507 1236,507 1280,507 1325,507 1370,507 1415,507 1459,507 1504,507 1549,507 1594,507 1600,504"/>
                <TextEquiv>
                    <Unicode>in eenen diepen slaap, vergezeld van de vreemdste visioenen. In dezen toestand</Unicode>
                </TextEquiv>
            </TextLine>
            <TextLine id="tr_1_tl_6" custom="readingOrder {index:5;}">
                <Coords points="249,553 1460,578 1596,560 1596,516 249,531"/>
                <Baseline points="259,546 304,549 349,549 394,552 438,552 483,552 528,552 573,555 618,555 662,555 707,555 752,555 797,555 841,555 886,555 931,555 976,555 1021,555 1065,555 1110,555 1155,555 1200,555 1244,552 1289,555 1334,555 1379,555 1424,555 1468,555 1513,555 1558,552 1600,552"/>
                <TextEquiv>
                    <Unicode>vervormen zich zijne aandoeningen, gevoelens en herinneringen in zijn krank</Unicode>
                </TextEquiv>
            </TextLine>
            <TextLine id="tr_1_tl_7" custom="readingOrder {index:6;}">
                <Coords points="244,609 1593,612 1557,563 244,577"/>
                <Baseline points="253,597 298,597 343,597 388,597 432,600 477,600 522,600 567,600 612,600 656,600 701,600 746,603 791,600 835,603 880,603 925,603 970,603 1015,603 1059,600 1104,603 1149,603 1194,603 1239,600 1283,600 1328,600 1373,600 1418,600 1462,600 1507,600 1552,600 1597,600"/>
                <TextEquiv>
                    <Unicode>brein tot muzikale gedachten en beelden. Zelfs de geliefde vrouw wordt voor</Unicode>
                </TextEquiv>
            </TextLine>
            <TextLine id="tr_1_tl_8" custom="readingOrder {index:7;}">
                <Coords points="244,660 1247,682 1591,660 1591,614 244,616"/>
                <Baseline points="253,641 298,641 343,641 388,641 432,644 477,641 522,644 567,644 612,644 656,644 701,647 746,647 791,644 835,647 880,647 925,647 970,647 1015,647 1059,647 1104,647 1149,647 1194,647 1239,647 1283,647 1328,647 1373,644 1418,644 1462,647 1507,644 1552,647 1594,641"/>
                <TextEquiv>
                    <Unicode>hem eene melodie, en als het ware een vast denkbeeld, dat hij overal weder¬</Unicode>
                </TextEquiv>
            </TextLine>
            <TextLine id="tr_1_tl_9" custom="readingOrder {index:8;}">
                <Coords points="254,706 304,724 370,714 395,721 412,706 472,714 528,706 526,663 512,660 477,672 426,655 412,665 380,653 360,665 332,653 304,663 278,651 253,660"/>
                <Baseline points="262,683 307,689 352,689 397,689 441,692 486,692 531,695"/>
                <TextEquiv>
                    <Unicode>vindt en hoort.</Unicode>
                </TextEquiv>
            </TextLine>
            <TextLine id="tr_1_tl_10" custom="readingOrder {index:9;}">
                <Coords points="831,767 852,762 862,768 884,762 896,767 914,760 941,777 975,758 989,768 1011,768 1009,701 974,706 967,699 931,718 879,685 855,687 841,699 828,697"/>
                <Baseline points="841,743 886,746 931,749 976,749 1015,752"/>
                <TextEquiv>
                    <Unicode>1e DEEL.</Unicode>
                </TextEquiv>
            </TextLine>
            <TextLine id="tr_1_tl_11" custom="readingOrder {index:10;}">
                <Coords points="570,819 1255,833 1242,763 1170,784 1053,743 1013,773 780,758 733,780 570,755"/>
                <Baseline points="579,812 623,809 668,809 713,812 758,812 803,812 847,812 892,812 937,815 982,812 1027,812 1071,812 1116,812 1161,812 1206,815 1250,815 1259,815"/>
                <TextEquiv>
                    <Unicode>Droombeelden, hartstochten</Unicode>
                </TextEquiv>
            </TextLine>
            <TextLine id="tr_1_tl_12" custom="readingOrder {index:11;}">
                <Coords points="288,865 1589,877 1589,831 1501,813 1323,843 288,824"/>
                <Baseline points="298,856 343,856 388,856 432,856 477,859 522,859 567,856 612,859 656,859 701,862 746,859 791,862 835,862 880,862 925,862 970,862 1015,862 1059,862 1104,862 1149,862 1194,862 1239,862 1283,862 1328,862 1373,862 1418,862 1462,862 1507,862 1552,862 1594,856"/>
                <TextEquiv>
                    <Unicode>Vooreerst herdenkt hij den lusteloozen zieletoestand, het onbestemd ver¬</Unicode>
                </TextEquiv>
            </TextLine>
            <TextLine id="tr_1_tl_13" custom="readingOrder {index:12;}">
                <Coords points="246,921 1589,919 1525,867 246,874"/>
                <Baseline points="256,904 301,904 346,901 391,904 435,901 480,904 525,904 570,907 615,904 659,907 704,907 749,907 794,907 838,907 883,907 928,907 973,907 1018,907 1062,907 1107,907 1152,907 1197,907 1241,910 1286,910 1331,910 1376,910 1421,910 1465,907 1510,907 1555,910 1594,910"/>
                <TextEquiv>
                    <Unicode>langen, de zwaarmoedigheid en de opwellingen van vreugde zonder bewusten</Unicode>
                </TextEquiv>
            </TextLine>
            <TextLine id="tr_1_tl_14" custom="readingOrder {index:13;}">
                <Coords points="246,958 1593,972 1593,919 1555,916 246,921"/>
                <Baseline points="256,949 301,949 346,949 391,949 435,949 480,952 525,952 570,952 615,952 659,952 704,952 749,952 794,955 838,955 883,955 928,955 973,955 1018,955 1062,955 1107,955 1152,955 1197,955 1241,955 1286,955 1331,955 1376,955 1421,955 1465,955 1510,955 1555,958 1597,958"/>
                <TextEquiv>
                    <Unicode>grond, welke hij beleefde vooraleer hem de geliefde verschenen was: later</Unicode>
                </TextEquiv>
            </TextLine>
            <TextLine id="tr_1_tl_15" custom="readingOrder {index:14;}">
                <Coords points="237,1001 1596,1019 1596,977 1515,962 237,975"/>
                <Baseline points="247,994 292,994 337,994 382,994 426,994 471,997 516,997 561,997 606,997 650,997 695,1000 740,997 785,1000 829,1000 874,1000 919,1000 964,1000 1009,1000 1053,1000 1098,1000 1143,1003 1188,1003 1233,1003 1277,1003 1322,1003 1367,1003 1412,1003 1456,1003 1501,1003 1546,1003 1591,1006 1600,1006"/>
                <TextEquiv>
                    <Unicode>herinnert hij zich de hartstochtelijke liefde welke zij plotseling in hem ontstak,</Unicode>
                </TextEquiv>
            </TextLine>
            <TextLine id="tr_1_tl_16" custom="readingOrder {index:15;}">
                <Coords points="246,1053 1593,1055 1572,1011 246,1002"/>
                <Baseline points="256,1041 301,1041 346,1038 391,1041 435,1041 480,1044 525,1041 570,1044 615,1044 659,1044 704,1044 749,1044 794,1044 838,1044 883,1044 928,1044 973,1044 1018,1047 1062,1047 1107,1047 1152,1047 1197,1047 1241,1047 1286,1047 1331,1047 1376,1047 1421,1047 1465,1047 1510,1047 1555,1047 1597,1047"/>
                <TextEquiv>
                    <Unicode>zijne doodelijke angsten, zijne woedende ijverzucht, z jne opnieuw ontwakende</Unicode>
                </TextEquiv>
            </TextLine>
            <TextLine id="tr_1_tl_17" custom="readingOrder {index:16;}">
                <Coords points="246,1096 645,1121 712,1097 1064,1106 1062,1064 950,1048 923,1069 244,1064"/>
                <Baseline points="256,1086 301,1086 346,1086 391,1086 435,1089 480,1089 525,1089 570,1089 615,1089 659,1089 704,1089 749,1089 794,1089 838,1092 883,1092 928,1092 973,1092 1018,1092 1062,1095 1068,1092"/>
                <TextEquiv>
                    <Unicode>teederheid, zijne godsdienstige vertroostingen.</Unicode>
                </TextEquiv>
            </TextLine>
            <TextLine id="tr_1_tl_18" custom="readingOrder {index:17;}">
                <Coords points="831,1162 858,1155 874,1167 911,1162 928,1170 938,1160 955,1157 975,1170 994,1165 1016,1169 1014,1114 984,1116 969,1103 930,1118 907,1101 887,1120 867,1113 829,1123"/>
                <Baseline points="841,1146 886,1146 931,1146 976,1149 1018,1149"/>
                <TextEquiv>
                    <Unicode>2e DEEL.</Unicode>
                </TextEquiv>
            </TextLine>
            <TextLine id="tr_1_tl_19" custom="readingOrder {index:18;}">
                <Coords points="794,1213 841,1233 858,1226 887,1235 899,1225 914,1233 941,1223 982,1240 1019,1223 1036,1235 1055,1226 1053,1172 1028,1160 1008,1174 996,1165 975,1176 924,1170 902,1189 862,1174 846,1182 836,1172 792,1186"/>
                <Baseline points="803,1209 847,1212 892,1212 937,1212 982,1215 1027,1215 1059,1215"/>
                <TextEquiv>
                    <Unicode>Dansfeest.</Unicode>
                </TextEquiv>
            </TextLine>
            <TextLine id="tr_1_tl_20" custom="readingOrder {index:19;}">
                <Coords points="276,1282 1598,1277 1564,1223 1315,1211 276,1226"/>
                <Baseline points="286,1259 331,1259 376,1259 420,1259 465,1262 510,1262 555,1259 600,1259 644,1259 689,1259 734,1259 779,1259 824,1262 868,1262 913,1262 958,1262 1003,1262 1047,1262 1092,1262 1137,1262 1182,1262 1227,1262 1271,1265 1316,1265 1361,1265 1406,1265 1450,1265 1495,1265 1540,1265 1585,1265 1600,1265"/>
                <TextEquiv>
                    <Unicode>Op een bal, midden het gewoel van een glansrijk feest, vindt hij de geliefde</Unicode>
                </TextEquiv>
            </TextLine>
            <TextLine id="tr_1_tl_21" custom="readingOrder {index:20;}">
                <Coords points="241,1320 253,1315 268,1320 276,1315 285,1320 292,1313 314,1316 324,1326 334,1320 378,1323 377,1270 366,1274 360,1267 344,1269 336,1279 312,1272 307,1279 287,1282 265,1274 254,1276 249,1270 239,1272"/>
                <Baseline points="250,1301 295,1304 340,1304 382,1310"/>
                <TextEquiv>
                    <Unicode>weder.</Unicode>
                </TextEquiv>
            </TextLine>
            <TextLine id="tr_1_tl_22" custom="readingOrder {index:21;}">
                <Coords points="829,1372 858,1374 868,1384 879,1381 911,1391 931,1374 950,1372 963,1384 979,1372 987,1379 1008,1376 1008,1321 984,1321 947,1335 923,1326 889,1335 865,1316 828,1318"/>
                <Baseline points="838,1364 883,1364 928,1364 973,1364 1012,1370"/>
                <TextEquiv>
                    <Unicode>3e DEEL.</Unicode>
                </TextEquiv>
            </TextLine>
            <TextLine id="tr_1_tl_23" custom="readingOrder {index:22;}">
                <Coords points="692,1430 731,1447 813,1437 884,1455 950,1435 1045,1455 1136,1440 1136,1396 1101,1388 1002,1398 950,1381 853,1396 823,1384 784,1401 733,1388 692,1406"/>
                <Baseline points="701,1427 746,1430 791,1430 835,1430 880,1430 925,1430 970,1430 1015,1430 1059,1430 1104,1430 1140,1430"/>
                <TextEquiv>
                    <Unicode>Landelijk tooneel.</Unicode>
                </TextEquiv>
            </TextLine>
            <TextLine id="tr_1_tl_24" custom="readingOrder {index:23;}">
                <Coords points="271,1477 1596,1498 1569,1440 271,1449"/>
                <Baseline points="280,1477 325,1477 370,1477 414,1477 459,1477 504,1477 549,1477 594,1477 638,1477 683,1477 728,1477 773,1477 818,1477 862,1477 907,1477 952,1480 997,1480 1041,1480 1086,1480 1131,1480 1176,1480 1221,1480 1265,1480 1310,1480 1355,1480 1400,1480 1445,1480 1489,1480 1534,1480 1579,1483 1600,1480"/>
                <TextEquiv>
                    <Unicode>Zomeravond buiten ; twee herders spelen afwisselend veldliederen. Die</Unicode>
                </TextEquiv>
            </TextLine>
            <TextLine id="tr_1_tl_25" custom="readingOrder {index:24;}">
                <Coords points="246,1540 1589,1540 1589,1503 1513,1489 246,1481"/>
                <Baseline points="256,1525 301,1522 346,1525 391,1522 435,1522 480,1525 525,1525 570,1525 615,1525 659,1525 704,1525 749,1525 794,1525 838,1525 883,1525 928,1525 973,1525 1018,1525 1062,1525 1107,1525 1152,1528 1197,1528 1241,1525 1286,1525 1331,1528 1376,1528 1421,1528 1465,1528 1510,1528 1555,1528 1594,1534"/>
                <TextEquiv>
                    <Unicode>landelijke zang, de plaats van het tooneel, het heimvolle ruischen der boomen,</Unicode>
                </TextEquiv>
            </TextLine>
            <TextLine id="tr_1_tl_26" custom="readingOrder {index:25;}">
                <Coords points="239,1584 1603,1581 1523,1537 237,1545"/>
                <Baseline points="247,1567 292,1570 337,1570 382,1570 426,1570 471,1570 516,1570 561,1570 606,1570 650,1570 695,1570 740,1570 785,1570 829,1570 874,1573 919,1573 964,1570 1009,1570 1053,1573 1098,1573 1143,1573 1188,1573 1233,1573 1277,1573 1322,1573 1367,1573 1412,1573 1456,1573 1501,1573 1546,1576 1591,1573 1603,1573"/>
                <TextEquiv>
                    <Unicode>zacht bewogen door den wind, eenige redenen tot hopen welke hij kortelings</Unicode>
                </TextEquiv>
            </TextLine>
            <TextLine id="tr_1_tl_27" custom="readingOrder {index:26;}">
                <Coords points="246,1644 1596,1633 1579,1586 1489,1583 246,1591"/>
                <Baseline points="256,1615 301,1615 346,1615 391,1615 435,1615 480,1615 525,1615 570,1615 615,1618 659,1618 704,1618 749,1618 794,1618 838,1618 883,1618 928,1618 973,1618 1018,1618 1062,1618 1107,1618 1152,1618 1197,1618 1241,1618 1286,1618 1331,1618 1376,1621 1421,1621 1465,1621 1510,1621 1555,1621 1600,1618"/>
                <TextEquiv>
                    <Unicode>verkreeg, — alles werkt samen om aan zijn hart eene ongewone kalmte te</Unicode>
                </TextEquiv>
            </TextLine>
            <TextLine id="tr_1_tl_28" custom="readingOrder {index:27;}">
                <Coords points="241,1678 1505,1688 1588,1642 241,1645"/>
                <Baseline points="250,1665 295,1659 340,1662 385,1662 429,1662 474,1665 519,1662 564,1665 609,1665 653,1665 698,1662 743,1665 788,1665 832,1665 877,1665 922,1665 967,1665 1012,1665 1056,1665 1101,1668 1146,1665 1191,1665 1236,1665 1280,1665 1325,1665 1370,1668 1415,1665 1459,1665 1504,1665 1549,1668 1591,1671"/>
                <TextEquiv>
                    <Unicode>geven en zijne denkbeelden lachend te kleuren. Daar verschijnt zij weder</Unicode>
                </TextEquiv>
            </TextLine>
            <TextLine id="tr_1_tl_29" custom="readingOrder {index:28;}">
                <Coords points="246,1723 1596,1735 1594,1684 1552,1679 246,1693"/>
                <Baseline points="256,1710 301,1710 346,1710 391,1710 435,1710 480,1710 525,1710 570,1713 615,1713 659,1713 704,1710 749,1710 794,1713 838,1713 883,1713 928,1713 973,1713 1018,1713 1062,1713 1107,1713 1152,1713 1197,1713 1241,1713 1286,1713 1331,1713 1376,1716 1421,1713 1465,1713 1510,1716 1555,1716 1600,1713"/>
                <TextEquiv>
                    <Unicode>zijn hart verkrimpt, smartvolle voorgevoelens komen in hem op, — « indien</Unicode>
                </TextEquiv>
            </TextLine>
            <TextLine id="tr_1_tl_30" custom="readingOrder {index:29;}">
                <Coords points="251,1773 285,1783 304,1767 334,1781 365,1764 450,1774 500,1764 529,1779 551,1767 633,1776 631,1728 607,1728 584,1747 546,1720 516,1730 416,1717 366,1734 317,1718 249,1723"/>
                <Baseline points="259,1755 304,1755 349,1755 394,1758 438,1755 483,1755 528,1758 573,1761 618,1758 635,1758"/>
                <TextEquiv>
                    <Unicode>zij hem bedroog!... »</Unicode>
                </TextEquiv>
            </TextLine>
            <TextLine id="tr_1_tl_31" custom="readingOrder {index:30;}">
                <Coords points="280,1818 1574,1825 1596,1779 280,1781"/>
                <Baseline points="289,1803 334,1803 379,1806 423,1803 468,1803 513,1803 558,1803 603,1806 647,1806 692,1806 737,1806 782,1806 826,1806 871,1806 916,1806 961,1806 1006,1809 1050,1809 1095,1806 1140,1809 1185,1806 1230,1806 1274,1806 1319,1806 1364,1806 1409,1806 1453,1809 1498,1809 1543,1809 1588,1809 1600,1806"/>
                <TextEquiv>
                    <Unicode>Een der herders herneemt zijn eenvoudig gezang, de andere antwoordt niet</Unicode>
                </TextEquiv>
            </TextLine>
            <TextLine id="tr_1_tl_32" custom="readingOrder {index:31;}">
                <Coords points="244,1869 1593,1859 1552,1817 244,1823"/>
                <Baseline points="253,1851 298,1851 343,1851 388,1848 432,1854 477,1854 522,1854 567,1851 612,1854 656,1854 701,1851 746,1851 791,1854 835,1854 880,1854 925,1854 970,1854 1015,1851 1059,1854 1104,1854 1149,1854 1194,1854 1239,1854 1283,1854 1328,1854 1373,1854 1418,1854 1462,1854 1507,1854 1552,1854 1597,1854"/>
                <TextEquiv>
                    <Unicode>meer.— Zonondergang... verwijderd dondergerommel... eenzaamheid.... stilte.</Unicode>
                </TextEquiv>
            </TextLine>
        </TextRegion>
        <TextRegion id="tr_2" custom="readingOrder {index:1;}">
            <Coords points="247,1854 1603,1854 1603,2813 247,2813"/>
            <TextLine id="tr_2_tl_1" custom="readingOrder {index:0;}">
                <Coords points="831,1927 843,1929 852,1920 887,1927 918,1915 933,1922 948,1917 958,1924 977,1915 1008,1932 1004,1879 980,1878 960,1864 933,1874 902,1869 894,1878 867,1873 828,1888"/>
                <Baseline points="838,1904 883,1907 928,1910 973,1910 1009,1913"/>
                <TextEquiv>
                    <Unicode>4e DEEL.</Unicode>
                </TextEquiv>
            </TextLine>
            <TextLine id="tr_2_tl_2" custom="readingOrder {index:1;}">
                <Coords points="600,1980 733,2003 875,1980 1013,2002 1106,1981 1235,1990 1235,1946 1106,1920 760,1951 695,1927 656,1946 633,1927 600,1935"/>
                <Baseline points="609,1970 653,1970 698,1973 743,1973 788,1973 832,1973 877,1973 922,1973 967,1976 1012,1973 1056,1976 1101,1976 1146,1976 1191,1976 1236,1976 1239,1976"/>
                <TextEquiv>
                    <Unicode>Tocht naar de strafplaats:</Unicode>
                </TextEquiv>
            </TextLine>
            <TextLine id="tr_2_tl_3" custom="readingOrder {index:2;}">
                <Coords points="273,2030 1596,2032 1596,1996 1326,1980 273,1991"/>
                <Baseline points="283,2024 328,2024 373,2024 417,2024 462,2024 507,2024 552,2024 597,2024 641,2027 686,2024 731,2024 776,2024 821,2024 865,2024 910,2024 955,2024 1000,2024 1044,2024 1089,2024 1134,2024 1179,2024 1224,2024 1268,2024 1313,2024 1358,2024 1403,2024 1447,2024 1492,2024 1537,2024 1582,2024 1600,2027"/>
                <TextEquiv>
                    <Unicode>Hij droomt dat hij zijne geliefde ombracht, ter dood veroordeeld is en naar</Unicode>
                </TextEquiv>
            </TextLine>
            <TextLine id="tr_2_tl_4" custom="readingOrder {index:3;}">
                <Coords points="241,2075 1525,2086 1589,2078 1589,2037 241,2056"/>
                <Baseline points="250,2068 295,2068 340,2068 385,2071 429,2071 474,2071 519,2071 564,2071 609,2071 653,2068 698,2071 743,2071 788,2071 832,2071 877,2071 922,2071 967,2071 1012,2071 1056,2071 1101,2071 1146,2071 1191,2071 1236,2071 1280,2071 1325,2071 1370,2071 1415,2071 1459,2071 1504,2071 1549,2071 1594,2071 1597,2068"/>
                <TextEquiv>
                    <Unicode>de strafplaats wordt gevoerd. Eene,nu eens sombre en woeste, dan weer schilte¬</Unicode>
                </TextEquiv>
            </TextLine>
            <TextLine id="tr_2_tl_5" custom="readingOrder {index:4;}">
                <Coords points="246,2130 1596,2125 1596,2091 1449,2078 246,2088"/>
                <Baseline points="256,2116 301,2116 346,2116 391,2116 435,2116 480,2116 525,2116 570,2119 615,2119 659,2116 704,2116 749,2116 794,2119 838,2116 883,2119 928,2116 973,2119 1018,2119 1062,2119 1107,2116 1152,2116 1197,2116 1241,2116 1286,2119 1331,2116 1376,2116 1421,2116 1465,2116 1510,2116 1555,2116 1600,2116"/>
                <TextEquiv>
                    <Unicode>rende en plechtige marsch begeleidt den stoet : het doffe gerucht van zware</Unicode>
                </TextEquiv>
            </TextLine>
            <TextLine id="tr_2_tl_6" custom="readingOrder {index:5;}">
                <Coords points="244,2181 1399,2175 1399,2142 1164,2117 244,2136"/>
                <Baseline points="253,2161 298,2161 343,2164 388,2161 432,2164 477,2164 522,2164 567,2164 612,2161 656,2161 701,2164 746,2164 791,2164 835,2164 880,2164 925,2164 970,2164 1015,2164 1059,2164 1104,2164 1149,2164 1194,2164 1239,2164 1283,2164 1328,2164 1373,2164 1403,2164"/>
                <TextEquiv>
                    <Unicode>stappen volgt zonder overgang op de luidruchtigste losbarstingen.</Unicode>
                </TextEquiv>
            </TextLine>
            <TextLine id="tr_2_tl_7" custom="readingOrder {index:6;}">
                <Coords points="273,2222 1596,2224 1596,2178 1486,2168 533,2200 273,2171"/>
                <Baseline points="283,2209 328,2212 373,2212 417,2212 462,2212 507,2212 552,2212 597,2212 641,2212 686,2212 731,2212 776,2212 821,2212 865,2212 910,2212 955,2212 1000,2212 1044,2212 1089,2212 1134,2212 1179,2212 1224,2212 1268,2212 1313,2209 1358,2209 1403,2212 1447,2209 1492,2209 1537,2209 1582,2212 1600,2212"/>
                <TextEquiv>
                    <Unicode>Bij het einde, verschijut nogmaals voor een oogenblik het vast denkbeeld,</Unicode>
                </TextEquiv>
            </TextLine>
            <TextLine id="tr_2_tl_8" custom="readingOrder {index:7;}">
                <Coords points="237,2278 1488,2283 1477,2224 237,2222"/>
                <Baseline points="247,2257 292,2257 337,2260 382,2260 426,2260 471,2260 516,2260 561,2260 606,2260 650,2260 695,2257 740,2257 785,2260 829,2260 874,2260 919,2260 964,2260 1009,2260 1053,2260 1098,2260 1143,2260 1188,2260 1233,2257 1277,2257 1322,2257 1367,2257 1412,2257 1456,2257 1492,2260"/>
                <TextEquiv>
                    <Unicode>als eene laatste stille liefdegedachte, onderbroken door den genadeslag.</Unicode>
                </TextEquiv>
            </TextLine>
            <TextLine id="tr_2_tl_9" custom="readingOrder {index:8;}">
                <Coords points="831,2336 860,2332 874,2315 907,2334 950,2326 972,2332 987,2320 1016,2334 1013,2270 986,2273 977,2281 958,2276 941,2285 931,2278 907,2283 880,2271 828,2271"/>
                <Baseline points="838,2310 883,2313 928,2316 973,2316 1018,2319"/>
                <TextEquiv>
                    <Unicode>5° DEEL.</Unicode>
                </TextEquiv>
            </TextLine>
            <TextLine id="tr_2_tl_10" custom="readingOrder {index:9;}">
                <Coords points="619,2395 1209,2393 1228,2388 1228,2329 1143,2351 1045,2329 940,2351 855,2348 831,2329 745,2351 619,2336"/>
                <Baseline points="629,2379 674,2379 719,2379 764,2379 809,2379 853,2379 898,2379 943,2379 988,2379 1033,2379 1077,2379 1122,2379 1167,2379 1212,2379 1233,2382"/>
                <TextEquiv>
                    <Unicode>Een Sabbatnachtsdroom.</Unicode>
                </TextEquiv>
            </TextLine>
            <TextLine id="tr_2_tl_11" custom="readingOrder {index:10;}">
                <Coords points="273,2432 1596,2444 1544,2388 273,2388"/>
                <Baseline points="283,2430 328,2430 373,2430 417,2430 462,2430 507,2430 552,2430 597,2430 641,2430 686,2430 731,2430 776,2430 821,2430 865,2430 910,2430 955,2430 1000,2430 1044,2430 1089,2430 1134,2430 1179,2430 1224,2430 1268,2430 1313,2427 1358,2427 1403,2427 1447,2427 1492,2427 1537,2427 1582,2427 1600,2430"/>
                <TextEquiv>
                    <Unicode>Hij gelooft een Heksenfeest bij te wonen, te midden gruwelijke spoken,</Unicode>
                </TextEquiv>
            </TextLine>
            <TextLine id="tr_2_tl_12" custom="readingOrder {index:11;}">
                <Coords points="244,2487 1596,2480 1569,2432 244,2446"/>
                <Baseline points="253,2478 256,2478 301,2478 346,2478 391,2478 435,2478 480,2478 525,2478 570,2478 615,2478 659,2478 704,2478 749,2478 794,2478 838,2478 883,2478 928,2478 973,2475 1018,2475 1062,2475 1107,2475 1152,2475 1197,2475 1241,2475 1286,2475 1331,2475 1376,2472 1421,2475 1465,2475 1510,2472 1555,2472 1600,2472"/>
                <TextEquiv>
                    <Unicode>toovenaren en monsters van allen aard, vereenigd voor zijn lijkfeest. Zeldzame</Unicode>
                </TextEquiv>
            </TextLine>
            <TextLine id="tr_2_tl_13" custom="readingOrder {index:12;}">
                <Coords points="244,2534 1510,2536 1596,2524 1596,2485 244,2497"/>
                <Baseline points="253,2528 256,2528 301,2525 346,2525 391,2525 435,2525 480,2525 525,2522 570,2525 615,2525 659,2525 704,2522 749,2522 794,2522 838,2522 883,2522 928,2522 973,2522 1018,2522 1062,2522 1107,2519 1152,2519 1197,2519 1241,2519 1286,2519 1331,2519 1376,2519 1421,2519 1465,2519 1510,2519 1555,2516 1600,2516"/>
                <TextEquiv>
                    <Unicode>geluiden, zuchten, gillend lachen, verwijderd geschreeuw door ander gehuil</Unicode>
                </TextEquiv>
            </TextLine>
            <TextLine id="tr_2_tl_14" custom="readingOrder {index:13;}">
                <Coords points="244,2575 1600,2580 1600,2531 1522,2527 244,2534"/>
                <Baseline points="253,2570 259,2570 304,2570 349,2570 394,2570 438,2570 483,2570 528,2570 573,2570 618,2570 662,2570 707,2570 752,2570 797,2570 841,2570 886,2567 931,2567 976,2567 1021,2567 1065,2567 1110,2567 1155,2567 1200,2564 1244,2564 1289,2564 1334,2564 1379,2564 1424,2564 1468,2564 1513,2561 1558,2561 1603,2561"/>
                <TextEquiv>
                    <Unicode>beantwoord. De geliefde melodie herverschijnt, doch, van haar edel en</Unicode>
                </TextEquiv>
            </TextLine>
            <TextLine id="tr_2_tl_15" custom="readingOrder {index:14;}">
                <Coords points="246,2629 1394,2633 1596,2616 1596,2578 246,2599"/>
                <Baseline points="256,2615 301,2615 346,2615 391,2615 435,2615 480,2615 525,2615 570,2615 615,2615 659,2615 704,2615 749,2615 794,2615 838,2615 883,2615 928,2615 973,2612 1018,2612 1062,2612 1107,2612 1152,2612 1197,2612 1241,2612 1286,2612 1331,2609 1376,2609 1421,2609 1465,2609 1510,2609 1555,2609 1600,2606"/>
                <TextEquiv>
                    <Unicode>schuchter karakter ontdaan, is zij thans eene gemeene, platte en misvormde</Unicode>
                </TextEquiv>
            </TextLine>
            <TextLine id="tr_2_tl_16" custom="readingOrder {index:15;}">
                <Coords points="244,2667 1547,2677 1593,2675 1593,2624 244,2634"/>
                <Baseline points="253,2663 298,2663 343,2663 388,2663 432,2663 477,2663 522,2663 567,2663 612,2660 656,2660 701,2663 746,2663 791,2660 835,2660 880,2660 925,2660 970,2660 1015,2657 1059,2657 1104,2657 1149,2657 1194,2654 1239,2657 1283,2657 1328,2654 1373,2654 1418,2654 1462,2654 1507,2654 1552,2654 1597,2657"/>
                <TextEquiv>
                    <Unicode>danswijze geworden: zij is het, die ter heksenvergadering komt... Uitbundig¬</Unicode>
                </TextEquiv>
            </TextLine>
            <TextLine id="tr_2_tl_17" custom="readingOrder {index:16;}">
                <Coords points="236,2733 1523,2726 1593,2675 237,2692"/>
                <Baseline points="247,2713 253,2713 298,2710 343,2710 388,2710 432,2710 477,2707 522,2707 567,2707 612,2707 656,2707 701,2707 746,2707 791,2707 835,2704 880,2704 925,2704 970,2704 1015,2704 1059,2704 1104,2701 1149,2701 1194,2701 1239,2701 1283,2701 1328,2698 1373,2698 1418,2698 1462,2698 1507,2698 1552,2698 1597,2695"/>
                <TextEquiv>
                    <Unicode>gebrul bij hare aankomst.... Zij mengt zich in de helsche braspartij.... Doods¬</Unicode>
                </TextEquiv>
            </TextLine>
            <TextLine id="tr_2_tl_18" custom="readingOrder {index:17;}">
                <Coords points="244,2777 1230,2748 1403,2784 1600,2768 1600,2709 244,2734"/>
                <Baseline points="253,2755 259,2755 304,2755 349,2755 394,2755 438,2755 483,2755 528,2755 573,2755 618,2755 662,2752 707,2752 752,2752 797,2752 841,2752 886,2752 931,2749 976,2749 1021,2749 1065,2749 1110,2749 1155,2749 1200,2746 1244,2746 1289,2746 1334,2746 1379,2746 1424,2743 1468,2743 1513,2743 1558,2743 1603,2743"/>
                <TextEquiv>
                    <Unicode>klokken luiden... Spotswijze nabootsing van het Dies iræ. Rondedans der</Unicode>
                </TextEquiv>
            </TextLine>
            <TextLine id="tr_2_tl_19" custom="readingOrder {index:18;}">
                <Coords points="241,2823 324,2814 378,2833 438,2807 512,2833 550,2816 658,2841 751,2799 801,2828 885,2811 885,2780 835,2761 241,2777"/>
                <Baseline points="250,2800 262,2803 307,2803 352,2803 397,2803 441,2800 486,2800 531,2800 576,2800 620,2797 665,2797 710,2797 755,2797 800,2797 844,2797 889,2797"/>
                <TextEquiv>
                    <Unicode>heksen. Dans en Dies iræ te zamen.</Unicode>
                </TextEquiv>
            </TextLine>
        </TextRegion>
    </Page>
</PcGts>
