2056 3099
476 233 1595 343 Koninklijke Maatschappij van Dierkunde
765 324 1305 443 van Antwerpen.
439 508 1651 620 Woensdag 6 Januari 1904, te 8 uren's avonds
306 625 1686 853 Symfonisch Concer
334 840 1751 928 DOOR HET ORKEST DER MAATSCHAPPIJ
457 933 1633 1059 onder de leiding van M. ED kan Deurveis
993 1033 1101 1157 &C
816 1137 1290 1276 programma
587 1263 1520 1371 Werken van Hector BERLIOZ.
968 1378 1141 1456 1e DEEL
317 1440 1622 1538 I. Hungaarsche marsch uit « La Damnation de Faust »
315 1538 929 1638 2. Rob Roy (openingstuk)
324 1629 1580 1728 3. Droomerij en Luim (romance voor viool en orkest)
439 1702 1108 1782 Viool-solo: Heer Edmond De Herdt.
970 1781 1134 1883 2º DEEL
321 1874 942 1957 4. Fantastische Symfonie
523 1928 1476 2032 (Episode uit het leven eens kunstenaars)
439 2014 1057 2085 1. Droombeelden, hartstochten.
439 2067 720 2125 2. Dansfeest.
439 2109 860 2174 3. Landelijk tooneel.
443 2160 1039 2223 4. Optocht naar de strafplaats.
448 2214 990 2284 5. Een Sabbatnachtsdroom.
343 2347 1801 2417 Woensdag 13 Januari, te 8 uren ’s avonds: Concert met de medewerking van
487 2404 1799 2479 Mevr. Ad. VAN ElSACKER, Zangeres. Uitvoering van werken van
488 2457 811 2531 AUG. DE BOECK.
343 2511 1801 2577 Woensdag 20 : Concert met de medewerking van den Heer Theo YSAYE,
494 2566 940 2634 Toondichter en Pianist.
339 2654 1802 2759 N.-B.— Niet ingenomen plaatsen mogen onder geen voorwendsel voorbehouden
499 2705 663 2792 worden.
1157 2747 1708 2843 F. Janssens-Anthonis — Antwerpen.
