<?xml version="1.0" encoding="UTF-8" standalone="yes"?>
<PcGts xmlns="http://schema.primaresearch.org/PAGE/gts/pagecontent/2013-07-15" xmlns:xsi="http://www.w3.org/2001/XMLSchema-instance" xsi:schemaLocation="http://schema.primaresearch.org/PAGE/gts/pagecontent/2013-07-15 http://schema.primaresearch.org/PAGE/gts/pagecontent/2013-07-15/pagecontent.xsd">
    <Metadata>
        <Creator>prov=READ-COOP:name=TrHtr:version=2.18.1:model_id=51170:date=16_10_2024_05:35</Creator>
        <Created>2024-10-15T15:14:58.890+02:00</Created>
        <LastChange>2024-10-16T05:35:48.432+02:00</LastChange>
        <TranskribusMetadata docId="4641973" pageId="80333363" pageNr="9" tsid="193993317" status="IN_PROGRESS" userId="131016" imgUrl="https://files.transkribus.eu/Get?id=GALZOMPBWWEBSAJWFRHFWFYM&amp;fileType=view" xmlUrl="https://files.transkribus.eu/Get?id=CKBQWXMZDFFRZQHCGNQQCHNV" imageId="65794019"/>
    </Metadata>
    <Page imageFilename="0009_kca-srdda-cpr1904-030901108875-tx-00009.jpg" imageWidth="2056" imageHeight="3099">
        <ReadingOrder>
            <OrderedGroup id="ro_1757315574778" caption="Regions reading order">
                <RegionRefIndexed index="0" regionRef="tr_2"/>
                <RegionRefIndexed index="1" regionRef="tr_1"/>
            </OrderedGroup>
        </ReadingOrder>
        <TextRegion id="tr_2" custom="readingOrder {index:0;}">
            <Coords points="322,266 1794,266 1794,1037 322,1037"/>
            <TextLine id="tr_2_tl_1" custom="readingOrder {index:0;}">
                <Coords points="530,320 1250,365 1328,326 1583,341 1583,273 1460,243 1224,280 1088,250 963,282 681,243 530,267"/>
                <Baseline points="540,316 582,325 626,325 671,325 716,325 761,325 806,322 850,322 895,325 940,325 985,322 1030,325 1074,325 1119,325 1164,322 1209,322 1253,325 1298,325 1343,322 1388,325 1433,322 1477,322 1522,322 1567,322 1588,325"/>
                <TextEquiv>
                    <Unicode>Société Royale de Zoologie d'Anvers</Unicode>
                </TextEquiv>
            </TextLine>
            <TextLine id="tr_2_tl_2" custom="readingOrder {index:1;}">
                <Coords points="315,440 425,488 477,453 1768,438 1768,387 1652,372 315,381"/>
                <Baseline points="325,426 370,432 414,432 459,432 504,432 549,432 594,429 638,429 683,432 728,432 773,432 818,432 862,432 907,432 952,435 997,435 1041,435 1086,432 1131,432 1176,432 1221,432 1265,432 1310,432 1355,432 1400,432 1445,432 1489,435 1534,435 1579,435 1624,435 1668,432 1713,432 1758,432 1773,432"/>
                <TextEquiv>
                    <Unicode>̃ ̃̃ —̃ *̃ r * r * * * a * * —</Unicode>
                </TextEquiv>
            </TextLine>
            <TextLine id="tr_2_tl_3" custom="readingOrder {index:2;}">
                <Coords points="311,560 1035,580 1143,543 1353,582 1626,545 1712,578 1792,545 1792,479 311,501"/>
                <Baseline points="322,537 367,537 412,540 456,540 501,537 546,537 591,537 635,537 680,540 725,540 770,540 815,540 859,540 904,540 949,540 994,540 1038,540 1083,540 1128,540 1173,537 1218,540 1262,540 1307,540 1352,540 1397,540 1442,537 1486,537 1531,540 1576,540 1621,540 1665,537 1710,537 1755,537 1794,540"/>
                <TextEquiv>
                    <Unicode>Dimanche 10 Janvier 1904, à 3 1/2 heures de l'après-midi</Unicode>
                </TextEquiv>
            </TextLine>
            <TextLine id="tr_2_tl_4" custom="readingOrder {index:3;}">
                <Coords points="333,792 1182,773 1383,834 1451,786 1771,788 1747,635 1526,661 1460,613 1333,661 1110,609 1011,667 926,608 867,648 799,615 479,657 333,602"/>
                <Baseline points="343,761 388,767 432,770 477,770 522,770 567,770 612,773 656,773 701,773 746,773 791,773 835,776 880,776 925,776 970,776 1015,770 1059,773 1104,773 1149,773 1194,773 1239,773 1283,773 1328,776 1373,776 1418,776 1462,776 1507,773 1552,770 1597,773 1642,773 1686,773 1731,773 1776,770"/>
                <TextEquiv>
                    <Unicode>Concert de Symphonie</Unicode>
                </TextEquiv>
            </TextLine>
            <TextLine id="tr_2_tl_5" custom="readingOrder {index:4;}">
                <Coords points="403,941 1685,943 1685,876 1609,864 403,865"/>
                <Baseline points="414,928 459,931 504,931 549,931 594,931 638,931 683,931 728,931 773,931 818,931 862,934 907,934 952,934 997,931 1041,934 1086,934 1131,931 1176,934 1221,934 1265,934 1310,931 1355,931 1400,931 1445,931 1489,931 1534,931 1579,931 1624,931 1668,928 1689,931"/>
                <TextEquiv>
                    <Unicode>PAR L’ORCHESTRE DE LA SOCIÉTE</Unicode>
                </TextEquiv>
            </TextLine>
            <TextLine id="tr_2_tl_6" custom="readingOrder {index:5;}">
                <Coords points="473,1026 775,1064 830,1031 1282,1033 1372,1064 1490,1029 1587,1062 1622,1053 1622,967 473,998"/>
                <Baseline points="483,1021 528,1027 573,1027 618,1027 662,1027 707,1027 752,1024 797,1024 841,1027 886,1027 931,1027 976,1027 1021,1027 1065,1027 1110,1027 1155,1027 1200,1024 1244,1024 1289,1024 1334,1024 1379,1024 1424,1024 1468,1024 1513,1024 1558,1024 1603,1024 1624,1024"/>
                <TextEquiv>
                    <Unicode>sous la direction de M. accavo KEURVELS</Unicode>
                </TextEquiv>
            </TextLine>
        </TextRegion>
        <TextRegion id="tr_1" custom="readingOrder {index:1;}">
            <Coords points="307,1087 1782,1087 1782,2843 307,2843"/>
            <TextLine id="tr_1_tl_1" custom="readingOrder {index:0;}">
                <Coords points="989,1166 1009,1162 1013,1166 1048,1145 1072,1154 1086,1143 1096,1143 1094,1072 1083,1072 1077,1066 1073,1070 1066,1068 1059,1075 1042,1073 1033,1077 1022,1070 985,1070"/>
                <Baseline points="997,1137 1041,1140 1086,1140 1098,1140"/>
                <TextEquiv>
                    <Unicode>86</Unicode>
                </TextEquiv>
            </TextLine>
            <TextLine id="tr_1_tl_2" custom="readingOrder {index:1;}">
                <Coords points="795,1287 830,1294 873,1274 886,1291 983,1316 1051,1276 1099,1309 1151,1320 1272,1282 1272,1208 1228,1195 1186,1215 1112,1169 1055,1193 994,1162 795,1178"/>
                <Baseline points="806,1271 829,1277 874,1271 919,1271 964,1271 1009,1274 1053,1274 1098,1271 1143,1271 1188,1271 1233,1268 1277,1268"/>
                <TextEquiv>
                    <Unicode>programme</Unicode>
                </TextEquiv>
            </TextLine>
            <TextLine id="tr_1_tl_3" custom="readingOrder {index:2;}">
                <Coords points="926,1379 961,1372 978,1381 1002,1364 1020,1374 1040,1370 1053,1381 1068,1372 1081,1381 1094,1372 1164,1381 1164,1328 1142,1324 1119,1337 1094,1326 1083,1333 1029,1329 1005,1344 991,1331 926,1333"/>
                <Baseline points="937,1364 982,1364 1027,1364 1071,1364 1116,1364 1161,1364 1167,1367"/>
                <TextEquiv>
                    <Unicode>1r° PARTIE</Unicode>
                </TextEquiv>
            </TextLine>
            <TextLine id="tr_1_tl_4" custom="readingOrder {index:3;}">
                <Coords points="1309,1490 1412,1469 1438,1490 1477,1479 1504,1491 1583,1467 1620,1482 1712,1467 1777,1486 1777,1423 1755,1414 1644,1429 1510,1410 1409,1429 1309,1401"/>
                <Baseline points="1319,1462 1334,1459 1379,1462 1424,1459 1468,1459 1513,1462 1558,1459 1603,1459 1648,1459 1692,1459 1737,1459 1782,1459"/>
                <TextEquiv>
                    <Unicode>ALEX. STADTFELD</Unicode>
                </TextEquiv>
            </TextLine>
            <TextLine id="tr_1_tl_5" custom="readingOrder {index:4;}">
                <Coords points="306,1495 372,1464 420,1486 565,1469 593,1497 644,1499 692,1473 819,1486 840,1475 840,1407 707,1398 481,1432 433,1418 339,1427 306,1445"/>
                <Baseline points="316,1462 361,1465 406,1465 450,1462 495,1462 540,1462 585,1462 629,1462 674,1462 719,1462 764,1462 809,1462 844,1462"/>
                <TextEquiv>
                    <Unicode>I. Hamlet (ouverture)</Unicode>
                </TextEquiv>
            </TextLine>
            <TextLine id="tr_1_tl_6" custom="readingOrder {index:5;}">
                <Coords points="302,1547 681,1548 806,1574 875,1541 1138,1560 1138,1501 1037,1486 867,1514 832,1490 302,1504"/>
                <Baseline points="313,1543 334,1543 379,1540 423,1540 468,1540 513,1540 558,1540 603,1540 647,1540 692,1540 737,1537 782,1540 826,1540 871,1537 916,1537 961,1537 1006,1537 1050,1537 1095,1537 1140,1537"/>
                <TextEquiv>
                    <Unicode>2 Fête dans le Temple de Jupiter</Unicode>
                </TextEquiv>
            </TextLine>
            <TextLine id="tr_1_tl_7" custom="readingOrder {index:6;}">
                <Coords points="1305,1558 1328,1563 1407,1543 1466,1560 1502,1548 1558,1561 1582,1547 1613,1547 1613,1475 1519,1504 1499,1490 1473,1491 1449,1508 1379,1490 1357,1497 1329,1484 1305,1491"/>
                <Baseline points="1316,1537 1361,1537 1406,1537 1450,1537 1495,1537 1540,1537 1585,1537 1618,1540"/>
                <TextEquiv>
                    <Unicode>EDG. TINEL</Unicode>
                </TextEquiv>
            </TextLine>
            <TextLine id="tr_1_tl_8" custom="readingOrder {index:7;}">
                <Coords points="407,1637 1142,1646 1173,1622 1280,1630 1280,1561 1077,1589 407,1574"/>
                <Baseline points="417,1618 432,1618 477,1618 522,1621 567,1618 612,1621 656,1618 701,1618 746,1618 791,1618 835,1618 880,1618 925,1618 970,1618 1015,1618 1059,1618 1104,1615 1149,1618 1194,1618 1239,1615 1283,1615"/>
                <TextEquiv>
                    <Unicode>(n° 2 de la suite symphonique pour le</Unicode>
                </TextEquiv>
            </TextLine>
            <TextLine id="tr_1_tl_9" custom="readingOrder {index:8;}">
                <Coords points="446,1692 943,1687 963,1705 992,1692 994,1631 834,1644 718,1626 687,1648 447,1631"/>
                <Baseline points="456,1680 459,1680 504,1677 549,1677 594,1677 638,1677 683,1674 728,1674 773,1674 818,1677 862,1674 907,1674 952,1674 997,1677"/>
                <TextEquiv>
                    <Unicode>Polyeucte de Corneille)</Unicode>
                </TextEquiv>
            </TextLine>
            <TextLine id="tr_1_tl_10" custom="readingOrder {index:9;}">
                <Coords points="376,1740 1598,1768 1685,1747 1685,1694 376,1712"/>
                <Baseline points="385,1737 391,1737 435,1740 480,1740 525,1740 570,1737 615,1737 659,1737 704,1737 749,1737 794,1737 838,1737 883,1737 928,1734 973,1734 1018,1734 1062,1734 1107,1734 1152,1734 1197,1734 1241,1734 1286,1734 1331,1734 1376,1734 1421,1734 1465,1734 1510,1734 1555,1734 1600,1734 1645,1734 1689,1734"/>
                <TextEquiv>
                    <Unicode>a) Cortège ; b) Danses ; c) Irruption soudaine de Polyeucte et Néarque.</Unicode>
                </TextEquiv>
            </TextLine>
            <TextLine id="tr_1_tl_11" custom="readingOrder {index:10;}">
                <Coords points="1309,1817 1377,1823 1390,1812 1434,1832 1473,1815 1508,1825 1543,1815 1556,1828 1696,1815 1696,1773 1666,1762 1631,1777 1609,1764 1593,1777 1545,1777 1530,1764 1501,1771 1491,1762 1447,1779 1423,1762 1359,1779 1311,1749"/>
                <Baseline points="1319,1809 1343,1809 1388,1812 1433,1809 1477,1809 1522,1809 1567,1809 1612,1809 1656,1809 1701,1806"/>
                <TextEquiv>
                    <Unicode>L. BOCCHERINI</Unicode>
                </TextEquiv>
            </TextLine>
            <TextLine id="tr_1_tl_12" custom="readingOrder {index:11;}">
                <Coords points="300,1841 354,1836 370,1821 422,1838 486,1819 586,1847 639,1838 639,1780 587,1777 567,1760 525,1760 488,1777 470,1768 427,1780 407,1771 366,1784 342,1769 300,1775"/>
                <Baseline points="310,1815 331,1815 376,1815 420,1815 465,1815 510,1812 555,1812 600,1812 644,1812"/>
                <TextEquiv>
                    <Unicode>3. a) Menuet.</Unicode>
                </TextEquiv>
            </TextLine>
            <TextLine id="tr_1_tl_13" custom="readingOrder {index:12;}">
                <Coords points="1311,1896 1350,1885 1427,1896 1554,1885 1591,1906 1589,1843 1543,1847 1517,1834 1480,1845 1427,1830 1374,1843 1348,1830 1328,1841 1309,1832"/>
                <Baseline points="1319,1871 1364,1874 1409,1877 1453,1877 1498,1877 1543,1874 1588,1877 1594,1874"/>
                <TextEquiv>
                    <Unicode>G. Rossinn</Unicode>
                </TextEquiv>
            </TextLine>
            <TextLine id="tr_1_tl_14" custom="readingOrder {index:13;}">
                <Coords points="368,1896 674,1891 690,1906 744,1891 814,1917 840,1898 948,1896 948,1825 913,1843 729,1830 674,1852 501,1843 468,1825 368,1838"/>
                <Baseline points="379,1880 423,1880 468,1880 513,1880 558,1880 603,1880 647,1880 692,1883 737,1880 782,1880 826,1880 871,1880 916,1880 952,1883"/>
                <TextEquiv>
                    <Unicode>b) La Darza (tarentelle)</Unicode>
                </TextEquiv>
            </TextLine>
            <TextLine id="tr_1_tl_15" custom="readingOrder {index:14;}">
                <Coords points="1311,1961 1346,1976 1438,1961 1471,1981 1497,1974 1526,2000 1572,1992 1591,2007 1696,1994 1762,1966 1760,1898 1734,1893 1661,1919 1587,1904 1550,1919 1510,1893 1456,1920 1423,1904 1311,1915"/>
                <Baseline points="1322,1952 1367,1955 1412,1955 1456,1955 1501,1952 1546,1952 1591,1952 1636,1955 1680,1955 1725,1955 1767,1955"/>
                <TextEquiv>
                    <Unicode>C. DEMERSEMANN</Unicode>
                </TextEquiv>
            </TextLine>
            <TextLine id="tr_1_tl_16" custom="readingOrder {index:15;}">
                <Coords points="302,1985 921,1961 1208,1981 1226,1909 302,1922"/>
                <Baseline points="313,1961 334,1964 379,1958 423,1958 468,1958 513,1958 558,1958 603,1958 647,1958 692,1958 737,1955 782,1955 826,1955 871,1958 916,1955 961,1955 1006,1955 1050,1955 1095,1955 1140,1955 1185,1955 1230,1955"/>
                <TextEquiv>
                    <Unicode>4. Une fête à Aranjuez (fantaisie espagnole)</Unicode>
                </TextEquiv>
            </TextLine>
            <TextLine id="tr_1_tl_17" custom="readingOrder {index:16;}">
                <Coords points="470,2046 551,2046 574,2027 613,2044 646,2025 773,2051 889,2031 1057,2049 1059,1978 1018,1965 852,1992 764,1987 733,1966 690,1996 648,1968 586,1994 534,1972 471,1978"/>
                <Baseline points="480,2015 525,2021 570,2021 615,2021 659,2021 704,2021 749,2021 794,2021 838,2018 883,2018 928,2018 973,2018 1018,2018 1059,2021"/>
                <TextEquiv>
                    <Unicode>Violon-solo: M. Edm. De Herdt.</Unicode>
                </TextEquiv>
            </TextLine>
            <TextLine id="tr_1_tl_18" custom="readingOrder {index:17;}">
                <Coords points="924,2134 952,2127 961,2136 996,2141 1013,2125 1024,2130 1059,2119 1088,2141 1110,2136 1147,2143 1147,2055 1132,2057 1114,2042 1103,2047 1090,2040 1066,2060 1033,2064 1016,2049 1005,2055 957,2038 924,2044"/>
                <Baseline points="934,2092 979,2092 1024,2092 1068,2092 1113,2092 1152,2092"/>
                <TextEquiv>
                    <Unicode>2e PARTIE</Unicode>
                </TextEquiv>
            </TextLine>
            <TextLine id="tr_1_tl_19" custom="readingOrder {index:18;}">
                <Coords points="300,2184 549,2219 619,2197 777,2219 858,2189 1175,2200 1210,2193 1212,2140 608,2121 576,2141 501,2119 302,2145"/>
                <Baseline points="310,2182 316,2179 361,2185 406,2182 450,2182 495,2182 540,2182 585,2182 629,2182 674,2182 719,2179 764,2179 809,2179 853,2179 898,2179 943,2179 988,2179 1033,2179 1077,2179 1122,2179 1167,2179 1212,2176"/>
                <TextEquiv>
                    <Unicode>5. Der fliegende Holländer (ouverture)</Unicode>
                </TextEquiv>
            </TextLine>
            <TextLine id="tr_1_tl_20" custom="readingOrder {index:19;}">
                <Coords points="1305,2193 1361,2187 1386,2210 1467,2184 1490,2197 1565,2193 1589,2213 1613,2193 1664,2213 1694,2206 1694,2119 1515,2130 1440,2119 1421,2103 1392,2125 1357,2127 1337,2110 1305,2110"/>
                <Baseline points="1316,2179 1340,2179 1385,2179 1430,2179 1474,2179 1519,2179 1564,2179 1609,2179 1653,2179 1698,2176"/>
                <TextEquiv>
                    <Unicode>RICH WAGNER</Unicode>
                </TextEquiv>
            </TextLine>
            <TextLine id="tr_1_tl_21" custom="readingOrder {index:20;}">
                <Coords points="1296,2285 1316,2291 1340,2270 1396,2263 1418,2279 1477,2274 1491,2289 1514,2281 1545,2292 1569,2276 1609,2302 1641,2302 1641,2204 1556,2224 1508,2213 1480,2222 1444,2198 1381,2221 1339,2204 1296,2206"/>
                <Baseline points="1307,2251 1352,2254 1397,2257 1442,2257 1486,2257 1531,2257 1576,2257 1621,2254 1645,2254"/>
                <TextEquiv>
                    <Unicode>H. VAELPUT</Unicode>
                </TextEquiv>
            </TextLine>
            <TextLine id="tr_1_tl_22" custom="readingOrder {index:21;}">
                <Coords points="300,2263 359,2283 396,2272 420,2279 429,2270 462,2281 484,2272 547,2278 569,2268 598,2285 624,2274 624,2233 604,2237 536,2208 499,2232 464,2217 440,2224 407,2213 366,2222 322,2208 300,2219"/>
                <Baseline points="310,2260 355,2260 400,2260 444,2260 489,2260 534,2260 579,2260 623,2260 629,2260"/>
                <TextEquiv>
                    <Unicode>6. Sérénade</Unicode>
                </TextEquiv>
            </TextLine>
            <TextLine id="tr_1_tl_23" custom="readingOrder {index:22;}">
                <Coords points="451,2340 514,2329 578,2351 630,2331 781,2342 814,2325 875,2342 897,2325 934,2346 968,2327 1033,2342 1048,2337 1048,2279 862,2289 770,2263 733,2294 668,2265 600,2287 573,2268 451,2281"/>
                <Baseline points="462,2319 507,2322 552,2322 597,2322 641,2322 686,2322 731,2322 776,2322 821,2319 865,2319 910,2319 955,2319 1000,2319 1044,2322 1050,2322"/>
                <TextEquiv>
                    <Unicode>Soliste : M. Hipp. Vinck (flûte)</Unicode>
                </TextEquiv>
            </TextLine>
            <TextLine id="tr_1_tl_24" custom="readingOrder {index:23;}">
                <Coords points="300,2432 355,2407 554,2425 621,2408 777,2427 814,2405 902,2414 934,2408 934,2353 300,2355"/>
                <Baseline points="310,2391 355,2397 400,2394 444,2397 489,2397 534,2397 579,2397 623,2397 668,2400 713,2397 758,2397 803,2397 847,2397 892,2394 937,2397"/>
                <TextEquiv>
                    <Unicode>7. Ballet de l'opéra Faust</Unicode>
                </TextEquiv>
            </TextLine>
            <TextLine id="tr_1_tl_25" custom="readingOrder {index:24;}">
                <Coords points="1300,2403 1322,2412 1333,2403 1464,2401 1491,2418 1515,2410 1556,2421 1585,2407 1641,2425 1641,2357 1615,2349 1587,2357 1558,2331 1534,2342 1519,2327 1484,2327 1423,2355 1350,2333 1300,2344"/>
                <Baseline points="1310,2391 1355,2394 1400,2391 1445,2391 1489,2391 1534,2391 1579,2391 1624,2391 1645,2391"/>
                <TextEquiv>
                    <Unicode>CH. GOUNOD</Unicode>
                </TextEquiv>
            </TextLine>
            <TextLine id="tr_1_tl_26" custom="readingOrder {index:25;}">
                <Coords points="1296,2491 1386,2473 1528,2504 1572,2488 1606,2502 1751,2475 1751,2418 1716,2401 1626,2429 1569,2412 1480,2438 1431,2419 1296,2412"/>
                <Baseline points="1307,2466 1352,2469 1397,2469 1442,2469 1486,2469 1531,2469 1576,2469 1621,2469 1665,2466 1710,2469 1755,2466"/>
                <TextEquiv>
                    <Unicode>P. TsCHA!K0WSY.</Unicode>
                </TextEquiv>
            </TextLine>
            <TextLine id="tr_1_tl_27" custom="readingOrder {index:26;}">
                <Coords points="300,2508 379,2480 435,2502 499,2484 608,2500 830,2476 954,2489 980,2475 980,2425 832,2440 757,2416 722,2441 567,2419 374,2443 300,2427"/>
                <Baseline points="310,2475 355,2475 400,2475 444,2472 489,2475 534,2472 579,2472 623,2472 668,2472 713,2472 758,2472 803,2472 847,2472 892,2472 937,2472 982,2469"/>
                <TextEquiv>
                    <Unicode>8. Marche du couronnement</Unicode>
                </TextEquiv>
            </TextLine>
            <TextLine id="tr_1_tl_28" custom="readingOrder {index:27;}">
                <Coords points="296,2613 1744,2602 1733,2543 771,2576 296,2545"/>
                <Baseline points="307,2594 316,2594 361,2594 406,2597 450,2594 495,2594 540,2594 585,2594 629,2594 674,2594 719,2594 764,2594 809,2594 853,2594 898,2594 943,2594 988,2594 1033,2594 1077,2594 1122,2594 1167,2594 1212,2594 1256,2594 1301,2594 1346,2594 1391,2594 1436,2594 1480,2594 1525,2591 1570,2591 1615,2591 1659,2591 1704,2591 1749,2591"/>
                <TextEquiv>
                    <Unicode>Mercredi, 13 Janvier, à 8 hs. du soir : Concert avec le concours de Mme A</Unicode>
                </TextEquiv>
            </TextLine>
            <TextLine id="tr_1_tl_29" custom="readingOrder {index:28;}">
                <Coords points="460,2642 1635,2661 1753,2646 1753,2598 460,2605"/>
                <Baseline points="471,2642 516,2642 561,2639 606,2639 650,2642 695,2642 740,2639 785,2639 829,2642 874,2642 919,2642 964,2642 1009,2642 1053,2642 1098,2642 1143,2642 1188,2642 1233,2642 1277,2642 1322,2642 1367,2639 1412,2639 1456,2642 1501,2639 1546,2642 1591,2639 1636,2639 1680,2639 1725,2639 1758,2642"/>
                <TextEquiv>
                    <Unicode>VAN EISACKER, Cantatrice. Audition d'œuvres d’Auc DE BOECK,</Unicode>
                </TextEquiv>
            </TextLine>
            <TextLine id="tr_1_tl_30" custom="readingOrder {index:29;}">
                <Coords points="296,2720 1753,2705 1753,2659 1670,2648 296,2659"/>
                <Baseline points="307,2689 352,2689 397,2689 441,2689 486,2689 531,2689 576,2689 620,2689 665,2689 710,2686 755,2689 800,2689 844,2689 889,2689 934,2689 979,2689 1024,2689 1068,2689 1113,2689 1158,2689 1203,2689 1247,2689 1292,2689 1337,2689 1382,2689 1427,2689 1471,2689 1516,2689 1561,2689 1606,2689 1651,2689 1695,2689 1740,2686 1758,2689"/>
                <TextEquiv>
                    <Unicode>Mercredi 20 : Concert avec le concours de M. Théo YSAVE, Compositeur</Unicode>
                </TextEquiv>
            </TextLine>
            <TextLine id="tr_1_tl_31" custom="readingOrder {index:30;}">
                <Coords points="411,2740 455,2758 488,2758 514,2745 528,2755 539,2747 552,2755 573,2747 639,2755 639,2718 574,2697 552,2710 482,2701 466,2710 457,2703 431,2718 411,2716"/>
                <Baseline points="420,2737 465,2737 510,2737 555,2737 600,2737 641,2737"/>
                <TextEquiv>
                    <Unicode>et Pianiste.</Unicode>
                </TextEquiv>
            </TextLine>
            <TextLine id="tr_1_tl_32" custom="readingOrder {index:31;}">
                <Coords points="296,2858 1666,2836 1666,2797 1606,2782 296,2786"/>
                <Baseline points="307,2827 352,2827 397,2830 441,2827 486,2830 531,2830 576,2830 620,2830 665,2833 710,2830 755,2830 800,2833 844,2830 889,2830 934,2830 979,2830 1024,2833 1068,2833 1113,2830 1158,2830 1203,2830 1247,2830 1292,2830 1337,2830 1382,2830 1427,2830 1471,2830 1516,2830 1561,2827 1606,2827 1651,2827 1671,2827"/>
                <TextEquiv>
                    <Unicode>N.-B.— On ne pourra retenir sous aucun prétexte des places non occupées.</Unicode>
                </TextEquiv>
            </TextLine>
        </TextRegion>
    </Page>
</PcGts>
