2056 3099
763 209 1215 290 In het woud.
397 291 949 371 G. J. P. Van Straaten.
480 354 1110 441 In het woud, in het zonnige woud.
485 410 1490 482 Daar heb ik zoo dikwijls God’s wond’ren aanschouwd!
485 458 1261 509 Daar galmen de vogels met wonder geluid,
495 497 1192 546 Ter eere van God hunne liedekens uit.
485 550 1139 610 In het would, in ’t bekoorlijke woud,
495 594 1368 653 Het heerlijk paleis door Gods almacht gebouwd,
483 644 1450 690 Daar zing ik zoo gaarne, het klinkt daar zoo schoon;
491 673 1485 735 Het windje, dat voert daar mijn lied naar Gods troon
483 734 1134 798 In het woud, in het heerlijke woud
495 788 1322 833 Daar wijzen de kruinen der boomen zoo stout
495 821 1400 885 Mij hemelwaarts henen naar Hem, die daar leeft;
488 866 1363 934 Zij zeggen mij : ’t is Hij, die wasdom ons geeft!
485 920 1122 982 In het would, in het geurige woud,
483 960 1497 1016 Daar heb ik vol dank s Heeren goedheid beschouwd.
495 1010 1406 1051 Hij maakte mij koning der schepping zoo schoon.
495 1052 1280 1115 Ik breng Hem vol liefde mijn huldebetoon.
491 1104 1138 1172 In het woud, in het Eeuwige woud.
495 1152 1409 1202 Daar heb ik de boomen mijn danklied vertrouwd.
495 1193 1356 1240 Zij zetten al ruischend in ’t heerlijkst accoord,
495 1234 1244 1298 Ter eere van God, mijne lofzangen voort!
613 1356 1381 1427 „Winternachtsdroom „.
928 1427 1075 1508 (Aria)
405 1508 857 1581 Leonce du Catillon.
545 1586 1393 1634 t' Is middernacht. Doch ’k moet nog waken.
551 1630 1169 1683 Ik ducht alleen ter stee te gaan...
558 1668 1250 1724 Moest Vriezeman mijn lijf eens raken
558 1707 1205 1748 Ik stierf om ’t leed mij aangedaan.
558 1748 1212 1800 Hoe zal ik eens uit ’t slot geraken?
560 1790 1164 1834 Een ijsvloer is de stroom beneen.
560 1815 1286 1868 Nog drukt de sneeuw op land en daken.
566 1865 1239 1931 Waar blijft de hoop? Ik heb er geen.
558 1913 1143 1989 O zonnebloem, gij zijt het beeld
563 1965 1283 2024 Van houw en trouw, van hoop en leven,
558 2006 1113 2066 Zooals gij hier staat afgebeeld
558 2047 1201 2093 Komt ’t lief verleden om u zweven.
558 2091 1245 2141 Gij waart het die des morgens teeder
560 2126 1123 2189 Als page mijn de stralen vongt
558 2160 1167 2210 En treurig s avonds nederhongt,
563 2204 1167 2252 Herlevend toen ik straalde weder
563 2244 1261 2287 Van smart zijt gij in herfst gestorven
560 2276 1299 2334 Doch 'k maalde uw beeld op dees tapijt;
569 2326 1104 2366 Verrijzen zult gij onbedorven
566 2351 1161 2418 Vol glans en glorie in zomertijd.
566 2390 1171 2444 Dan zal ik ook vol jeugd en gloed
566 2441 1406 2487 Den mensch, de schepping, ’t Al, omprangen,
563 2480 1239 2521 Doen blozen bleeke maagdenwangen
566 2520 1177 2563 En storten blij een stralenvloed...
566 2549 1158 2599 O zonnebloem, gij zijt het beeld
569 2567 1312 2652 Van houw en trouw, van hoop en leven...
933 2721 1061 2823 0
939 2810 1062 2865 Monsieur le
