2056 3099
619 52 1704 183 Société Royale de Zoologie d'Anvers
409 159 1890 280 (3,3)3. rt. ww. & m A. m. A.
413 269 1899 383 Dimanche 17 Janvier 1904, à 3 1/2 heures de l'après-midi
439 441 1895 632 Concert de Symphonie
511 635 1810 724 PAR L'ORCHESTRE DE LA SOCIÉTÉ
597 721 1738 828 sous la direction de M. ED kanD REURVELS
1102 802 1221 913 etc.
917 921 1399 1056 programme
1052 1034 1293 1152 Iro PARTIE
1419 1143 1745 1234 CH. GOUNOD
428 1132 991 1236 1. Mireille (ouverture).
426 1215 1380 1317 2 Fantaisie sur deux airs populaires canadiens.
1413 1215 1756 1293 PAUL GILSON
1413 1282 1773 1384 K. HANSSENS
437 1291 919 1400 3. Valse de concert
1419 1362 1834 1451 FRED: SMETANA
428 1389 1243 1463 4. La Fiancée vendue (sélection)
1061 1447 1284 1530 2e PARTIE
1413 1504 1906 1617 L. VAN BEETHOVEN
439 1519 1152 1636 5. Leonore-Ouvertüre (n° 3).
1417 1604 1795 1710 PETER BENOIT
433 1608 1371 1688 6. De Schelde (introduction de l'oratorio
632 1669 1356 1756 Soir d'été aux bords de l'Escaut
1417 1714 1888 1819 CAM. SAINT-SAÈVS
433 1739 1371 1825 7. Danse macabre (poème symphonique
793 1799 1399 1897 Violon-solo: M. Edm. De Herdt
598 1867 1275 1927 Zig et Zig et Zig, la mort en cadence
598 1923 1254 1964 Frappant une tombe avec son talon,
602 1940 1315 2034 La Mort à minuit joue un air de danse,
604 1990 1204 2056 Zig et Zig et Zag, sur son violon.
598 2043 1432 2095 Le vent d'hiver souffle, et la nuit est sombre
604 2093 1308 2136 Des gémissements sortent des tilleuls ;
602 2123 1425 2173 Les equelettes blancs vont à travers l’ombre,
608 2166 1445 2221 Courant et sautant sous leurs grands linceuls.
604 2221 1302 2273 Zig et Zig et Zig, chacun se trémousse
604 2266 1312 2353 On entend claquer les os des danseurs,
602 2345 1362 2430 Mais psit! tout à coup on quitte la ronde,
608 2421 1297 2508 On se pousse, on fuit, le coq a chanté.
1352 2456 1454 2545 : :
1063 2529 1354 2594 HENRI CAZALIS.
1332 2579 1812 2701 „ G. MÈYERBEER
443 2564 897 2695 8. Schillermarsch
446 2723 1917 2821 Mercredi 20 : Concert avec le concours de M. Théo YSAYE, Compositeur
565 2790 789 2849 et Pianiste.
448 2882 1827 2971 N.-B. — On ne pourra retenir sous aucun prétexte des places non occupées.
