2056 3224
457 131 1512 234 Société Royale de Zoologie d’Anvers
243 254 1698 331 (4)3? 3,3. rt. pnässä 4,9.
468 323 1485 409 Jeudi 28 Janvier 1904, à 8 hs. du soir
254 400 1702 634 Concert de Symphonie
325 628 1607 714 PAR L'ORCHESTRE DE LA SOCIÉTÉ
402 718 1547 791 sous la direction de M. EDWERD REURVEIS
740 787 1198 844 ET AVEC LE CONCOURS DE
489 840 1443 931 Monsieur Hipp. VINCK, Flûtiste.
915 917 1019 1021 86
721 1003 1202 1130 programme
866 1125 1096 1203 Iro PARTIE
228 1165 855 1266 I Agneessens (ouverture)
1253 1196 1580 1275 H. VAELPUT
230 1249 992 1324 2. Camillia (introduction de la saynète)
1253 1253 1521 1337 J. SCHREY
294 1298 1182 1393 Poème symphonique pour flûte etennestre
1246 1313 1645 1408 FLOR. ALPAERT
351 1361 595 1415 A) Fantasia.
351 1403 771 1454 B) Chants de douleur.
351 1445 771 1501 c) Chasse fantastique.
469 1487 860 1558 M. Hipp. VINCK.
858 1532 1087 1636 2e PARTIE
239 1613 1028 1704 4. Sárka (3e poème symphonique
436 1680 909 1753 du cycle Ma Patrie)
1251 1671 1598 1761 FR. SMETANA
312 1737 1702 1808 Sárka est la principale des amazones bohémiennes. Depuis qu’elle a été trahié
237 1788 1697 1846 dans son amour, elle a voué aux hommes une haine implacable, et les amazones
239 1832 1379 1877 ses suivantes, leur ont déclaré une guerre sans trève ni merci.
312 1865 1706 1930 Le chevalier Citirad s’est mis en campagne contre elles, et de toutes parts
237 1897 1163 1956 résonne la chevauchée de ses joyeux compagnons
314 1923 1706 1998 Soudain un cri d'angoisse, déchirant, retentit dans la forêt ; guide par lui,
239 1981 1702 2038 Ctirad trouve une jeune fille liée à un arbre. C’est Sárha Elle raconte que ses
237 2013 1700 2075 compagnes l’ont malmenée ainsi pour se venger d’elle. Citirad ne sait détourner
237 2060 1698 2111 de la jeune fille ses régards éblouis ; de plus en plus impérieusement le dési
252 2095 1700 2168 parle en lui. Enfin, n’ecoutant plus que sa pitié et sa passion soudaine, il délivre
239 2128 371 2190 Särka.
316 2166 1695 2226 La troupe entière dresse les tentes et s'adonne aux réjouissances. Au son des
243 2215 1702 2257 chants joyeux, les guerriers vident de larges et nombreuses coupes d’hydromel
243 2243 1702 2316 et, oublieux de tout danger, festoient jusque bien avant dans la nuit. La fatigue
237 2294 1627 2336 met fin à l’orgie ; l'un après l'autre, les chevaliers succombent au sommeil.
314 2316 1697 2380 Alors Sarka sonne du cor ; ses compagnes, répondant au signal, accourent
230 2369 1698 2420 s’élancent sur les hommes endormis et les exterminent tous. Leur désir de
237 2400 667 2456 vengeance est assouvi.
241 2436 762 2517 5. Andante cantabile.
1255 2434 1700 2531 P. TsCHAÖK0WSY
230 2493 944 2568 6 a) Nocturne (15e æuvre n° 2)
1255 2537 1556 2615 FR. CHOPIN
303 2553 846 2628 b) Valse (64e œuvre n° T.
471 2613 864 2681 M. Hipp. VINCK.
234 2663 1072 2745 7. Cappricio sur la Jota Aragonesa
1249 2655 1594 2761 M. J. GLernka
239 2758 1693 2834 Mercredi 3 Février : Concert avec le concours de Mlle Marie BEUGEL
400 2803 778 2862 MANS, Cantatrice.
232 2845 1697 2933 Mercredi 10 Février : Concert avec le concours de M.MauriceGERAERT
402 2889 575 2942 Pianiste.
237 2964 1618 3033 N.-B.— On ne pourra retenir sous aucun prétexte des places non occupées.
