2056 3224
456 141 1607 256 Koninklijke Maatschappij van Dierkunde
798 234 1281 326 VAN ANTWERPEN
306 320 1762 410 (3) 3,3.8.8.. ̃̃-̃*̃
437 386 1652 470 Donderdag 28 Januari 1904, te 8 uren ’s avonds
1224 571 1717 677 Gohcer
296 478 1136 690 Symfonisch
329 701 1755 800 DOOR HET ORKEST DER MAATSCHAPPIJ
472 783 1610 880 onder de leiding van M. EDWERD REURVELS
769 849 1307 933 EN MET DE MEDEWERKING VAN
573 928 1517 1012 den Heer Hipp. VINCK, Fluitist.
981 990 1093 1094 86
802 1072 1279 1199 programma
966 1182 1142 1259 1e DEEL
1323 1244 1660 1321 H. VAELPUT
315 1246 992 1312 I. Agneessens (openingstuk)
1323 1307 1587 1376 J. SCHREY
309 1307 1232 1383 2. Camillia (inleiding van het lyrisch minnespel)
315 1369 1191 1446 3. Symfonisch gedicht voor fluit en orkest
1323 1363 1748 1451 FLOR ALPAERTS
437 1416 662 1471 A) Fantasia
428 1448 833 1506 R) Zangen der smart.
439 1495 849 1556 c) Fantastische jacht.
545 1528 941 1609 M. Hipp. VINCK.
964 1587 1138 1652 2e DEEL
315 1642 1164 1733 4. Sárka (3de symfonisch gedicht uit
1340 1695 1673 1784 FR. SMETANA
514 1711 1166 1790 den cyclus Mijn Vaderland
397 1764 1771 1825 Sárka, de voornaamste der Boheemsche amazonen, haat, wegens liefdever
320 1817 1777 1881 raad, geheel het mannelijk geslacht, tegen hetwelk de amazonen eenen oorlog
328 1859 774 1911 voeren op leven en dood.
404 1879 1786 1951 De ridder Citirad trekt tegen haar op, en wijd en zijd verneemt men den tocht
320 1942 1777 1986 zijner lustige metgezellen. Eensklaps weerklinkt door het bosch een hartver¬
328 1976 1786 2029 scheurende noodkreet ; dezes spoor volgend, vindt Citirad een meisje, gebonden
324 2018 1781 2066 aan eenen boom. Het is Sárka, die verklaart aldus behandeld te zijn door hare
329 2048 1786 2099 wraakgierige gezellinnen. Ctirad door haren aanblik verblind, kan zijne oogen
329 2090 1786 2134 van haar niet afwenden; immer machtiger spreekt in hem het verlangen naar de
324 2121 1790 2174 betooverende vrouw, tot hij eindelijk, gehoor gevend aan zijn gevoel, Sárka
328 2167 501 2222 bevrijdt.
404 2192 1781 2247 De gansche ridderschaarslaat aldaar het leger op, en vermaakt er zich naar
324 2242 1771 2295 hartelust. Bij vroolijk gezang en een rijkelijk genot der mee, vergeten de krij
329 2289 1786 2331 gers weldra elk gevaar ; kommerloos slijten zij den tijd met zingen en drinken
328 2328 1781 2374 tot laat in den nacht. Slempensmoede vervalt den eene na de andere in eenen
328 2363 1777 2408 diepen slaap. — Dan geeft Sarka een sein op haren hoorn, hare gezellinnen ant
333 2399 1771 2465 woorden uit het bosch, snellen nabij, storten op de gehabe mannen en vermoor
329 2438 1096 2494 den ze allen. Hunne wraaklust is gekoeld.
1340 2450 1790 2558 P. TsCHAÜK0WSY
328 2478 851 2549 5. Andante cantabile
328 2529 994 2610 6. a) Nachtzang (15de werk nr
1336 2553 1649 2633 FR. CHOPIN
395 2588 952 2672 b) Wals (64ste werk nr I)
560 2646 953 2714 M. Hipp. VINCK.
333 2708 1164 2771 7. Cappricio op de Jota Aragonesa
1336 2670 1684 2778 M J.13Lernka
333 2793 1801 2868 Woensdag 3 Februari : Concert met de medewerking van Mej. Maria
479 2849 1076 2906 BREUGELMANS, Zangeres.
337 2877 1799 2968 Woensdag 10 Februari: Concert met de medewerking van den Heer Maurits
490 2935 930 2976 GEERAERT Pianist
328 2998 1795 3060 N.-B.— Niet ingenomen plaatsen mogen onder geen voorwendsel voorbehouden
498 3032 657 3104 worden.
1052 3049 1737 3140 Drukk. F. Janssens-Anthonis. — Antwerpen.
