2056 3224
406 184 1457 306 Société Royale de Zoologie d'Anvers
192 280 1648 381 (3,3)3.3.
376 360 1506 452 Mercredi 3 Février 1904, à 8 heures du soir
210 441 1662 646 Concert de Symphonie
291 665 1562 751 PAR L'ORCHESTRE DE LA SOCIÉTÉ
366 753 1502 824 sous la direction de M. EDWERD REURVELS
702 809 1162 894 ET AVEC LE CONCOURS DE
362 871 1487 974 Mlle Maria BREUGELMANS, Cantatrice.
875 944 980 1063 &c.
685 1038 1158 1164 programme
824 1147 1063 1230 Iro PARTIE
1228 1203 1479 1282 ED. LALO
203 1209 1061 1286 1. Le Roi d’Ys (ouverture de l’opéra)..
1228 1267 1457 1341 G. Bizet
199 1271 1012 1337 2. La jolie fille de Perth (prélude)
1234 1324 1630 1389 C. SAINT-SAENS
201 1333 1138 1401 3. Le Rouet d’Omphale (poème symphonique)
278 1382 1658 1429 Le sujet de ce poème symphonique est la séduction féminine, la lutte triom
212 1418 1667 1476 phante de la faiblesse contre la force. Le RouET n’est qu’un prétexte, choisi
210 1464 1671 1510 seulement au point de vue du rythme et de l’allure générale du morceau. Au
207 1502 1669 1558 cours de l’œuvre, on voit Hercule gémissant dans des liens qu’il ne peut briser,
207 1538 1006 1602 Omphale raillant les vains efforts du héros.
210 1583 533 1654 4. a) Absence
1230 1590 1673 1692 HECTOR BERLIOZ
272 1637 762 1714 b) Chant de bonheur
437 1688 1016 1767 Mlle M. BREUGELMANS.
834 1754 1057 1816 2e PARTIE
210 1799 1010 1876 5. I a. Fiancée vendue (ouverture)
207 1874 1091 1943 6. Dans les forêts et les champs de la
1228 1893 1577 1973 FR. SMETANA
376 1936 1136 2007 Bohême (4e Poème symphonique
376 1986 929 2048 du cycle «Ma Patrie »)
293 2033 1680 2086 Par un beau jour d’été, nous nous trouvons dans la campagne bénie de la
216 2060 1669 2123 Bohême ; pleins de ravissement, nous y respirons l’air frais et pur, tandis que
160 2095 1669 2193 du sol fleuri montent des senteurs parfumées. Dominant l’universel bruissement
216 2157 1675 2206 d’alléresse, retentit l’hymne sanctifiant du bonheur et du bien-être rustiques.
297 2193 1669 2238 Loin des agitations de la foule, nous sommes conduits dans une forêt om¬
222 2227 1675 2274 bragée, paisible. Un doux zéphyr se joue dans les arbres; le susurrement des
218 2272 1673 2321 feuilles et des branches s’étend de proche en proche, croit en puissance, et bientôt
227 2311 1675 2360 la forêt entière vibre et s'emplit d'échos. En une harmonie féerique, le chant
218 2351 1673 2413 joyeux des oiseaux se mêle au frémissement général, tandis que dans le lointain
222 2390 896 2439 se fait entendre le son rêveur du cor
306 2420 1684 2471 Un fort coup de vent rompt le silence recueilli et apporte à notre oreille
218 2458 1667 2506 l’écho d’une réjouissance champêtre. Le bruit s'accentue, semble se rapprocher
218 2508 1673 2553 et bientôt nous nous trouvons au milieu d’une réunion de campagnards qui
225 2542 1675 2589 célèbrent une fête au son des chants et au rythme des danses. Leur joie de
227 2574 1667 2625 vivre et leur contentement éclatent dans l'hymne national, ce chant éternelle
218 2623 1675 2677 ment frais et jeune et qui retentit jusque dans les contrées les plus lointaines
222 2657 484 2713 de la Bohême.
237 2705 1436 2775 7. Trois mélories (orchestrées par Edward Keurvels)
1239 2751 1590 2826 ANT. DVORAK
285 2752 683 2833 a) Zigeunerlied
1249 2805 1633 2888 ZDENKO FIBICH
287 2812 835 2899 b) Der träumende See.
1245 2867 1596 2957 ANT. DVORAK
285 2874 621 2953 c) Am Bache
452 2901 1023 3006 Mlle M. BREUGELMANS
212 2974 580 3062 8. Festmarsch
1239 2965 1596 3055 ANT. DVORAK
