2056 3224
425 222 1581 325 Koninklijke Maatschappij van Dierkunde
776 303 1243 383 VAN ANTWERPEN
275 370 1731 455 (3)3.3.8.8.. ̃̃-
418 442 1627 535 Woensdag 3 Februari 1904, te 8 uren ’s avonds
275 587 1660 732 Dymionisen Concel
293 734 1713 833 DOOR HET ORKEST DER MA�TSCHAPPIJ
440 811 1584 889 onder de leiding van M. EDWAKD REURVLS
745 873 1280 935 EN MET DE MEDEWERLING VAN
446 919 1555 1021 Mej. Maria BREUGELMANS, Zangeres.
950 987 1056 1086 &C
772 1071 1256 1188 programma
930 1170 1102 1245 le DEEL
1309 1227 1559 1302 ED. LALO
275 1229 1199 1311 I. Le Roi d'Ys (openingstuk van het zangspel)
1300 1291 1529 1353 G Bizet
273 1302 1097 1366 2. La jolie fille de Perth (voorspel)
282 1348 1262 1417 3. De spinnende Omphale (symfonisch gedicht)
1311 1344 1715 1412 C. SAINT-SAENS
358 1401 1744 1460 Het onderwerp van dit symfonisch gedicht is de VROUWELIJKE VerleibnG,
282 1449 1744 1493 de zegevierende strijd van de zwakheid tegen de kracht. Het SPINWIEL is slechts
284 1484 1744 1533 een voorwendsel onder het opzicht van den rhythmus en den algemeenen bouv
284 1520 1749 1566 van het werk. Verders verbeelde men zich Hercules zuchtend in banden welke
284 1551 1749 1617 hij te vergeefs tracht te verbreken, en Omphale spottend om de vruchtelooze
293 1605 732 1671 pogingen van den held.
288 1650 618 1735 4. a) Abserce
1304 1658 1753 1751 HECTOR BERLIOZ
358 1704 834 1784 b) Chant de bonheur
521 1757 1089 1819 Mej. M. BREUGELMANS
930 1806 1111 1880 2e DEEL
282 1867 1157 1933 5. De verkochte Bruid (opingstuk)
284 1924 1210 1986 6. Uit Bohemen’s wouden en beemden.
1315 1920 1661 2023 FR. SMETANA
484 1966 1212 2045 (4de Symfonisch gedicht uit den
491 2026 1137 2092 cyclus « Mijn Vaderland »)
369 2078 1751 2133 Op een schoonen zomerdag bevinden wij ons in Bohemen’s gezegende velden,
297 2118 1742 2167 wier heflijke bloemengeur en frissche lucht den mensch met begeestering ver
297 2158 1744 2212 vullen. Boven het algemeen vreugdegejoel weerklinkt de natuurlijke, hezali
279 2202 1753 2250 gende toon der landelijke tevredenheid. Uit het ruischende menschengeweme
297 2239 1748 2289 worden wij geleid in een lommerrijk, stil hosch. Een zachte wind speelt in he
297 2283 1753 2331 geboomte ; het gelispel van bladen en twijgen breidt zich allengskens wijder en
297 2312 1753 2364 machtiger uit, tot het gansche woud ruischt en van echo’s weerklinkt, terwij
301 2353 1753 2400 de zang der vogels. zich lustig daartusschen mengt in belooverende harmonie
297 2402 1755 2457 Midden dezen lofzang der Natuur, schallen uit de verte droomerige hoorn¬
306 2439 473 2496 klanken.
374 2454 1757 2523 Eene krachtige windvlaag onderbreekt de verhevene stilte en brengt tot ons
301 2507 1759 2558 oor de feestlijke galmen van landelijke vroolijkheid ; deze worden stillerhand
306 2549 1748 2600 luider. zij schijnen te naderen, en weldra zijn wij te midden van een luidruchtig
303 2591 1762 2633 feest van landslieden, die zich vermaken bij muziek en dans. Hunne levenslust
303 2622 1759 2688 en vreugde geeft zich lucht in het eeuwig frissche Nationaal lied, dat weerschalt
301 2668 988 2723 tot in de verste Boheemsche gouwen.
301 2699 1709 2778 7. Drie melodieën (voor orkest bewerkt door Edward Keurvels)
1318 2752 1674 2813 ANT. DVORAK
363 2758 741 2826 a) Zigeunerlied
1324 2807 1711 2870 ZDENKO FIBICH
363 2784 906 2870 b) Der träumende See.
1328 2850 1671 2930 ANT. DVORAK
369 2857 693 2921 c) Am Bache
530 2901 1102 2984 Mej. M BREUGELMANS
1318 2938 1669 3033 ANT. DVORAK
297 2956 671 3048 8. Festmarsch
1025 3046 1696 3136 Drukk. F Janssens-Anthonis. — Antwerpen.
