2056 3224
475 1749 1739 1859 Mr Marx Loevensohn, né à Courtrai le 31 Mars 1880.
382 1842 1739 1916 commença l’étude du piano à l'âge de 5 ans et continua à jouer
384 1913 1739 1969 de cet instrument jusqu’à l’âge de 10 ans, époque à laquelle il
382 1969 1735 2038 vint à Bruxelles et commença les études préliminaires du
382 2014 1365 2082 violoncelle sous la direction de Carlo Sansoni.
480 2077 1730 2141 Plus tard, il fut confié à Edouard Jacobs, professeur au
382 2145 1735 2207 Conservatoire de Bruxelles, et entra au conservatoire à l’âge de
375 2197 1730 2256 treize ans. Sous la direction de ce maître éminent, Maria
382 2253 1734 2329 Loevensohn fit des progrès très rapides, et, en quelques mois, il
382 2314 1727 2381 obtint le deuxième prix par le maximum des points au Conser¬
379 2369 1735 2449 vatoire de Bruxelles. Entre-temps, il poursuivait régulièrement
375 2415 1252 2493 ses études d'harmonie et de composition.
475 2476 1730 2552 Dix mois plus tard, et alors âgé de quinze ans, il sortait du
381 2542 1730 2618 Conservatoire où il avait obtenu le premier prix avec la plus
382 2611 1730 2676 grande distinction par le maximum des points et avec les
372 2652 807 2728 félicitations du Jury.
468 2716 1735 2792 Peu de temps après, il débuta à Londres, et se produisit
370 2777 1727 2846 ensuite, toujours avec le succès le plus vif, à Spa, à Aix-les-Bains
