<?xml version="1.0" encoding="UTF-8" standalone="yes"?>
<PcGts xmlns="http://schema.primaresearch.org/PAGE/gts/pagecontent/2013-07-15" xmlns:xsi="http://www.w3.org/2001/XMLSchema-instance" xsi:schemaLocation="http://schema.primaresearch.org/PAGE/gts/pagecontent/2013-07-15 http://schema.primaresearch.org/PAGE/gts/pagecontent/2013-07-15/pagecontent.xsd">
    <Metadata>
        <Creator>prov=READ-COOP:name=TrHtr:version=2.18.1:model_id=51170:date=16_10_2024_05:35</Creator>
        <Created>2024-10-15T15:15:02.943+02:00</Created>
        <LastChange>2024-10-16T05:35:52.764+02:00</LastChange>
        <TranskribusMetadata docId="4641973" pageId="80333871" pageNr="31" tsid="193993339" status="IN_PROGRESS" userId="131016" imgUrl="https://files.transkribus.eu/Get?id=PYLYRMFFWUFZTRSEXZXAPYAA&amp;fileType=view" xmlUrl="https://files.transkribus.eu/Get?id=RCMTKRRRMHMNUDWAKCZMBANW" imageId="65794560"/>
    </Metadata>
    <Page imageFilename="0031_kca-srdda-cpr1904-030901108875-tx-00031.jpg" imageWidth="2056" imageHeight="3224">
        <ReadingOrder>
            <OrderedGroup id="ro_1757315582653" caption="Regions reading order">
                <RegionRefIndexed index="0" regionRef="tr_2"/>
                <RegionRefIndexed index="1" regionRef="tr_1"/>
            </OrderedGroup>
        </ReadingOrder>
        <TextRegion id="tr_2" custom="readingOrder {index:0;}">
            <Coords points="274,541 1629,541 1629,1302 274,1302"/>
            <TextLine id="tr_2_tl_1" custom="readingOrder {index:0;}">
                <Coords points="268,601 1617,604 1617,560 1190,526 268,548"/>
                <Baseline points="277,591 322,594 367,591 411,591 456,591 501,591 546,591 591,591 635,591 680,594 725,591 770,594 814,594 859,594 904,594 949,594 994,594 1038,594 1083,594 1128,594 1173,594 1217,591 1262,591 1307,591 1352,591 1397,591 1441,591 1486,591 1531,591 1576,591 1620,594"/>
                <TextEquiv>
                    <Unicode>et dans le Nord de la France. Après s’être fait entendre de nouveau</Unicode>
                </TextEquiv>
            </TextLine>
            <TextLine id="tr_2_tl_2" custom="readingOrder {index:1;}">
                <Coords points="270,672 1610,672 1610,624 1544,608 270,613"/>
                <Baseline points="280,650 325,653 370,650 414,650 459,647 504,650 549,650 594,650 638,650 683,650 728,650 773,653 817,650 862,650 907,650 952,650 997,650 1041,650 1086,650 1131,650 1176,650 1220,650 1265,650 1310,647 1355,647 1400,650 1444,650 1489,647 1534,647 1579,650 1614,650"/>
                <TextEquiv>
                    <Unicode>à Londres, où il fut le lion de la « musical season», il voyagea</Unicode>
                </TextEquiv>
            </TextLine>
            <TextLine id="tr_2_tl_3" custom="readingOrder {index:2;}">
                <Coords points="273,732 1622,717 1622,677 1542,663 273,667"/>
                <Baseline points="283,713 328,710 373,710 417,710 462,710 507,707 552,707 597,707 641,707 686,707 731,710 776,707 820,710 865,710 910,710 955,710 1000,710 1044,710 1089,710 1134,707 1179,707 1223,707 1268,707 1313,707 1358,707 1403,707 1447,707 1492,707 1537,707 1582,707 1626,707"/>
                <TextEquiv>
                    <Unicode>presque tous les ans avec Colonne et sonennestre, soit en</Unicode>
                </TextEquiv>
            </TextLine>
            <TextLine id="tr_2_tl_4" custom="readingOrder {index:3;}">
                <Coords points="273,785 1610,788 1610,737 1515,721 273,734"/>
                <Baseline points="283,767 328,767 373,764 417,767 462,767 507,767 552,764 597,767 641,764 686,767 731,767 776,767 820,767 865,767 910,770 955,767 1000,767 1044,767 1089,767 1134,767 1179,767 1223,770 1268,767 1313,764 1358,767 1403,767 1447,767 1492,764 1537,764 1582,764 1614,767"/>
                <TextEquiv>
                    <Unicode>France, soit à l’étranger et, accompagné par cetennestre</Unicode>
                </TextEquiv>
            </TextLine>
            <TextLine id="tr_2_tl_5" custom="readingOrder {index:4;}">
                <Coords points="268,832 1563,847 1617,790 268,800"/>
                <Baseline points="277,823 322,826 367,823 411,826 456,826 501,826 546,826 591,826 635,826 680,826 725,826 770,826 814,826 859,823 904,823 949,826 994,823 1038,826 1083,826 1128,823 1173,823 1217,823 1262,826 1307,823 1352,823 1397,823 1441,823 1486,823 1531,823 1576,823 1620,826 1623,823"/>
                <TextEquiv>
                    <Unicode>merveilleux, il laissa partout des souvenirs qui le mirent au</Unicode>
                </TextEquiv>
            </TextLine>
            <TextLine id="tr_2_tl_6" custom="readingOrder {index:5;}">
                <Coords points="273,904 1551,904 1613,893 1615,845 275,856"/>
                <Baseline points="283,889 319,886 364,886 408,886 453,886 498,886 543,886 588,886 632,883 677,883 722,883 767,883 811,883 856,883 901,883 946,883 991,883 1035,883 1080,883 1125,883 1170,883 1214,883 1259,883 1304,883 1349,880 1394,880 1438,880 1483,880 1528,880 1573,880 1617,880"/>
                <TextEquiv>
                    <Unicode>premier rang parmi les violoncellistes marquants de l’époque</Unicode>
                </TextEquiv>
            </TextLine>
            <TextLine id="tr_2_tl_7" custom="readingOrder {index:6;}">
                <Coords points="346,943 1627,965 1603,891 346,908"/>
                <Baseline points="355,943 376,943 420,943 465,943 510,943 555,946 600,943 644,943 689,940 734,943 779,943 823,943 868,943 913,943 958,943 1003,943 1047,943 1092,940 1137,940 1182,940 1226,940 1271,940 1316,940 1361,940 1406,940 1450,937 1495,940 1540,940 1585,940 1629,940"/>
                <TextEquiv>
                    <Unicode>En Angleterre, il joua également sous la direction de</Unicode>
                </TextEquiv>
            </TextLine>
            <TextLine id="tr_2_tl_8" custom="readingOrder {index:7;}">
                <Coords points="273,1012 1610,1007 1610,953 813,952 761,986 273,945"/>
                <Baseline points="283,1000 316,1003 361,1000 405,1000 450,1000 495,1000 540,1000 585,1000 629,1000 674,997 719,1000 764,997 808,1000 853,1000 898,1000 943,1000 988,1000 1032,1000 1077,1000 1122,1000 1167,1000 1211,1000 1256,1000 1301,997 1346,997 1391,997 1435,997 1480,997 1525,997 1570,994 1614,997"/>
                <TextEquiv>
                    <Unicode>C. Chevillard. Il est demandé annuellement aux Concerts</Unicode>
                </TextEquiv>
            </TextLine>
            <TextLine id="tr_2_tl_9" custom="readingOrder {index:8;}">
                <Coords points="273,1068 1272,1083 1595,1068 1618,1011 273,1024"/>
                <Baseline points="283,1056 325,1059 370,1059 414,1059 459,1056 504,1059 549,1059 594,1056 638,1056 683,1056 728,1056 773,1056 817,1056 862,1059 907,1059 952,1059 997,1059 1041,1056 1086,1056 1131,1056 1176,1056 1220,1056 1265,1056 1310,1056 1355,1056 1400,1053 1444,1053 1489,1053 1534,1056 1579,1053 1623,1053"/>
                <TextEquiv>
                    <Unicode> Classiques de Marseille. Plus récemment, il fit une tournée</Unicode>
                </TextEquiv>
            </TextLine>
            <TextLine id="tr_2_tl_10" custom="readingOrder {index:9;}">
                <Coords points="265,1137 623,1156 854,1119 1256,1158 1610,1139 1610,1087 265,1090"/>
                <Baseline points="274,1116 316,1119 361,1119 405,1116 450,1116 495,1116 540,1116 585,1116 629,1116 674,1116 719,1116 764,1116 808,1116 853,1119 898,1119 943,1116 988,1119 1032,1116 1077,1116 1122,1116 1167,1116 1211,1113 1256,1116 1301,1116 1346,1113 1391,1113 1435,1113 1480,1113 1525,1113 1570,1113 1614,1113"/>
                <TextEquiv>
                    <Unicode>absolument triomphale en Espagne, en Portugal, en Italie, er</Unicode>
                </TextEquiv>
            </TextLine>
            <TextLine id="tr_2_tl_11" custom="readingOrder {index:10;}">
                <Coords points="273,1190 292,1186 314,1200 336,1186 380,1200 393,1190 435,1203 462,1190 511,1193 511,1148 466,1141 437,1154 403,1131 381,1129 371,1137 356,1127 339,1139 272,1131"/>
                <Baseline points="283,1173 328,1176 373,1176 417,1176 462,1176 507,1179 516,1179"/>
                <TextEquiv>
                    <Unicode>Grèce, etc.</Unicode>
                </TextEquiv>
            </TextLine>
            <TextLine id="tr_2_tl_12" custom="readingOrder {index:11;}">
                <Coords points="366,1249 1598,1250 1617,1188 366,1202"/>
                <Baseline points="376,1235 411,1235 456,1235 501,1232 546,1232 591,1232 635,1232 680,1232 725,1232 770,1232 814,1232 859,1232 904,1232 949,1232 994,1232 1038,1232 1083,1232 1128,1232 1173,1229 1217,1229 1262,1229 1307,1229 1352,1229 1397,1229 1441,1229 1486,1229 1531,1229 1576,1229 1620,1232"/>
                <TextEquiv>
                    <Unicode>La presse le considère comme un des Maîtres du violoncelle.</Unicode>
                </TextEquiv>
            </TextLine>
            <TextLine id="tr_2_tl_13" custom="readingOrder {index:12;}">
                <Coords points="273,1306 1617,1301 1617,1250 1547,1242 273,1245"/>
                <Baseline points="283,1292 322,1292 367,1292 411,1292 456,1289 501,1289 546,1292 591,1292 635,1292 680,1292 725,1292 770,1292 814,1292 859,1292 904,1289 949,1289 994,1289 1038,1289 1083,1289 1128,1289 1173,1289 1217,1289 1262,1289 1307,1289 1352,1289 1397,1289 1441,1289 1486,1286 1531,1286 1576,1289 1620,1289"/>
                <TextEquiv>
                    <Unicode>Les uns évoquent le nom de Servais en vantant l'ampleur et la</Unicode>
                </TextEquiv>
            </TextLine>
        </TextRegion>
        <TextRegion id="tr_1" custom="readingOrder {index:1;}">
            <Coords points="274,1293 1626,1293 1626,2120 274,2120"/>
            <TextLine id="tr_1_tl_1" custom="readingOrder {index:0;}">
                <Coords points="270,1367 1397,1372 1618,1353 1618,1311 270,1323"/>
                <Baseline points="280,1352 325,1349 370,1349 414,1349 459,1349 504,1349 549,1349 594,1349 638,1352 683,1352 728,1349 773,1349 817,1349 862,1349 907,1349 952,1349 997,1349 1041,1349 1086,1346 1131,1346 1176,1346 1220,1346 1265,1346 1310,1346 1355,1343 1400,1346 1444,1346 1489,1346 1534,1346 1579,1346 1623,1349"/>
                <TextEquiv>
                    <Unicode>sûreté de son coup d'archet ; les autres le considèrent comme le</Unicode>
                </TextEquiv>
            </TextLine>
            <TextLine id="tr_1_tl_2" custom="readingOrder {index:1;}">
                <Coords points="270,1421 1556,1429 1613,1412 1613,1369 270,1375"/>
                <Baseline points="280,1409 319,1409 364,1409 408,1409 453,1409 498,1409 543,1409 588,1409 632,1409 677,1409 722,1409 767,1409 811,1409 856,1406 901,1409 946,1406 991,1406 1035,1406 1080,1406 1125,1406 1170,1406 1214,1406 1259,1406 1304,1403 1349,1403 1394,1406 1438,1403 1483,1406 1528,1406 1573,1403 1617,1403"/>
                <TextEquiv>
                    <Unicode>Thomson du violoncelle ; d’autres enfin déclarent que, depuis</Unicode>
                </TextEquiv>
            </TextLine>
            <TextLine id="tr_1_tl_3" custom="readingOrder {index:2;}">
                <Coords points="268,1477 1333,1485 1500,1468 1500,1416 1104,1446 567,1418 457,1450 268,1421"/>
                <Baseline points="277,1465 322,1465 367,1468 411,1468 456,1468 501,1465 546,1465 591,1465 635,1465 680,1465 725,1465 770,1465 814,1465 859,1465 904,1465 949,1465 994,1465 1038,1462 1083,1462 1128,1462 1173,1462 1217,1462 1262,1462 1307,1459 1352,1462 1397,1459 1441,1462 1486,1462 1504,1465"/>
                <TextEquiv>
                    <Unicode>Popper, on n’a plus entendu un artiste aussi sensationnel.</Unicode>
                </TextEquiv>
            </TextLine>
            <TextLine id="tr_1_tl_4" custom="readingOrder {index:3;}">
                <Coords points="364,1527 1487,1544 1622,1527 1622,1485 364,1498"/>
                <Baseline points="373,1525 417,1525 462,1525 507,1522 552,1522 597,1525 641,1522 686,1522 731,1522 776,1522 820,1522 865,1525 910,1522 955,1525 1000,1522 1044,1522 1089,1522 1134,1519 1179,1519 1223,1516 1268,1519 1313,1519 1358,1519 1403,1519 1447,1519 1492,1519 1537,1519 1582,1519 1626,1516"/>
                <TextEquiv>
                    <Unicode>Adepte de l’Ecole belge, qui a laissé dans l'histoire de</Unicode>
                </TextEquiv>
            </TextLine>
            <TextLine id="tr_1_tl_5" custom="readingOrder {index:4;}">
                <Coords points="265,1598 1551,1606 1613,1591 1613,1547 265,1549"/>
                <Baseline points="274,1582 319,1582 364,1585 408,1582 453,1582 498,1582 543,1582 588,1582 632,1582 677,1579 722,1582 767,1582 811,1582 856,1582 901,1582 946,1582 991,1579 1035,1579 1080,1579 1125,1579 1170,1576 1214,1576 1259,1579 1304,1576 1349,1576 1394,1576 1438,1576 1483,1576 1528,1579 1573,1579 1617,1579"/>
                <TextEquiv>
                    <Unicode>l’archet les pages les plus glorieuses, Maria Loevensohn peut</Unicode>
                </TextEquiv>
            </TextLine>
            <TextLine id="tr_1_tl_6" custom="readingOrder {index:5;}">
                <Coords points="270,1652 1613,1645 1580,1588 270,1600"/>
                <Baseline points="280,1641 319,1641 364,1641 408,1641 453,1638 498,1641 543,1641 588,1641 632,1638 677,1638 722,1638 767,1638 811,1638 856,1638 901,1638 946,1638 991,1638 1035,1638 1080,1638 1125,1635 1170,1635 1214,1635 1259,1635 1304,1635 1349,1632 1394,1635 1438,1635 1483,1635 1528,1635 1573,1635 1617,1635"/>
                <TextEquiv>
                    <Unicode>être, en effet, considéré comme le continuateur des grandes</Unicode>
                </TextEquiv>
            </TextLine>
            <TextLine id="tr_1_tl_7" custom="readingOrder {index:6;}">
                <Coords points="265,1708 1171,1736 1618,1713 1618,1650 265,1671"/>
                <Baseline points="274,1698 280,1698 325,1698 370,1698 414,1698 459,1698 504,1701 549,1698 594,1698 638,1698 683,1698 728,1698 773,1698 817,1698 862,1698 907,1695 952,1698 997,1695 1041,1695 1086,1695 1131,1695 1176,1695 1220,1695 1265,1695 1310,1692 1355,1692 1400,1692 1444,1692 1489,1692 1534,1692 1579,1692 1623,1695"/>
                <TextEquiv>
                    <Unicode>traditions qui se sont succédé depuis Plattel par les deux Servais</Unicode>
                </TextEquiv>
            </TextLine>
            <TextLine id="tr_1_tl_8" custom="readingOrder {index:7;}">
                <Coords points="268,1774 673,1774 690,1768 690,1711 655,1721 640,1708 613,1730 580,1733 550,1714 427,1714 410,1725 341,1708 309,1728 268,1723"/>
                <Baseline points="277,1755 322,1758 367,1758 411,1758 456,1758 501,1758 546,1758 591,1758 635,1758 680,1758 695,1758"/>
                <TextEquiv>
                    <Unicode>et Edouard Jacobs.</Unicode>
                </TextEquiv>
            </TextLine>
            <TextLine id="tr_1_tl_9" custom="readingOrder {index:8;}">
                <Coords points="364,1828 1593,1833 1615,1758 829,1784 766,1748 364,1789"/>
                <Baseline points="373,1814 408,1814 453,1817 498,1814 543,1814 588,1817 632,1814 677,1814 722,1814 767,1814 811,1812 856,1812 901,1812 946,1812 991,1812 1035,1812 1080,1812 1125,1812 1170,1812 1214,1812 1259,1812 1304,1809 1349,1809 1394,1809 1438,1812 1483,1812 1528,1809 1573,1809 1617,1806"/>
                <TextEquiv>
                    <Unicode>Il ne s’est plus fait entendre en Belgique depuis 4 ou 5</Unicode>
                </TextEquiv>
            </TextLine>
            <TextLine id="tr_1_tl_10" custom="readingOrder {index:9;}">
                <Coords points="265,1887 1534,1893 1605,1873 1606,1829 267,1853"/>
                <Baseline points="274,1874 310,1874 355,1874 400,1871 444,1874 489,1874 534,1874 579,1871 623,1871 668,1871 713,1871 758,1871 803,1871 847,1871 892,1871 937,1871 982,1868 1026,1868 1071,1868 1116,1868 1161,1868 1206,1868 1250,1868 1295,1865 1340,1865 1385,1865 1429,1865 1474,1865 1519,1868 1564,1865 1609,1862"/>
                <TextEquiv>
                    <Unicode>ans et vient de conclure pour l’hiver 1904-1905 un engage</Unicode>
                </TextEquiv>
            </TextLine>
            <TextLine id="tr_1_tl_11" custom="readingOrder {index:10;}">
                <Coords points="270,1951 1606,1951 1620,1890 272,1883"/>
                <Baseline points="280,1934 322,1931 367,1931 411,1934 456,1931 501,1934 546,1931 591,1931 635,1931 680,1931 725,1928 770,1928 814,1931 859,1928 904,1928 949,1928 994,1928 1038,1928 1083,1925 1128,1925 1173,1925 1217,1925 1262,1925 1307,1925 1352,1922 1397,1925 1441,1925 1486,1922 1531,1922 1576,1922 1620,1925"/>
                <TextEquiv>
                    <Unicode>ment pour les Etats-Unis et le Maxique à raison de 120.000 frs.</Unicode>
                </TextEquiv>
            </TextLine>
            <TextLine id="tr_1_tl_12" custom="readingOrder {index:11;}">
                <Coords points="796,2001 1617,1991 1618,1949 1510,1934 1279,1958 1244,1934 1198,1969 1097,1932 1033,1959 798,1946"/>
                <Baseline points="806,1985 817,1985 862,1988 907,1988 952,1985 997,1985 1041,1985 1086,1985 1131,1985 1176,1982 1220,1982 1265,1982 1310,1979 1355,1982 1400,1982 1444,1982 1489,1982 1534,1982 1579,1982 1623,1979"/>
                <TextEquiv>
                    <Unicode>Citer ces chiffres, c’est dire la haute</Unicode>
                </TextEquiv>
            </TextLine>
            <TextLine id="tr_1_tl_13" custom="readingOrder {index:12;}">
                <Coords points="277,2015 393,1995 466,2022 557,1998 773,2003 773,1961 753,1956 705,1976 656,1947 633,1964 587,1949 548,1963 532,1947 461,1971 277,1956"/>
                <Baseline points="286,1991 328,1991 373,1991 417,1991 462,1991 507,1991 552,1991 597,1988 641,1988 686,1991 731,1988 776,1985"/>
                <TextEquiv>
                    <Unicode>pour 120 concerts. —</Unicode>
                </TextEquiv>
            </TextLine>
            <TextLine id="tr_1_tl_14" custom="readingOrder {index:13;}">
                <Coords points="268,2067 1608,2057 1610,1988 270,2020"/>
                <Baseline points="277,2050 313,2050 358,2050 403,2050 447,2050 492,2050 537,2047 582,2050 626,2047 671,2047 716,2047 761,2044 806,2044 850,2044 895,2044 940,2044 985,2044 1029,2044 1074,2041 1119,2041 1164,2041 1209,2041 1253,2038 1298,2038 1343,2038 1388,2038 1432,2038 1477,2038 1522,2038 1567,2038 1612,2038"/>
                <TextEquiv>
                    <Unicode>réputation dont jouit dans le monde musical le talent transcen¬</Unicode>
                </TextEquiv>
            </TextLine>
            <TextLine id="tr_1_tl_15" custom="readingOrder {index:14;}">
                <Coords points="267,2118 449,2133 520,2109 555,2140 596,2118 741,2126 768,2109 903,2131 937,2126 938,2076 822,2052 712,2077 682,2059 601,2077 569,2057 520,2076 418,2059 392,2086 268,2067"/>
                <Baseline points="277,2107 316,2110 361,2110 405,2107 450,2107 495,2107 540,2107 585,2107 629,2107 674,2104 719,2104 764,2104 808,2104 853,2101 898,2104 943,2104"/>
                <TextEquiv>
                    <Unicode>dant de Mr Marx Loevensohn.</Unicode>
                </TextEquiv>
            </TextLine>
        </TextRegion>
    </Page>
</PcGts>
