2056 3224
526 347 1579 473 Société Royale de Zoologie d'Anvers
315 502 1762 572 ̃ ̃̃ —  ==================—  =================
325 598 1759 695 Dimanche 14 Février 1904, à 3 ½ heures de l'après-midi
326 719 1773 919 Concert de Symphonie
402 913 1678 1036 PAR L’ORCHESTRE DE LA SOCIÉTÉ
479 1016 1623 1126 sous la direction de M. EDWERD REURVEIS
990 1093 1102 1229 R
811 1210 1282 1362 programme
939 1351 1175 1449 Iro PARTIE
1317 1421 1735 1522 W. V. WALLACE
312 1421 886 1522 I. Loreley (ouverture)
1318 1517 1566 1588 G. BιZET
308 1520 1269 1603 2. Carmen (transcription par L. Jacobs)
308 1588 1012 1678 3. Adagio et Valse (du ballet
510 1650 966 1748 La Fête des Fleurs)
1320 1645 1740 1735 THÉO CHARLIER
308 1726 741 1839 4. Marche arabe
1311 1726 1733 1847 AUG. DE BOECK
935 1812 1166 1892 2e PARTIE
308 1896 842 1980 5. Obéron (ouverture)
1320 1892 1790 1995 C. M. VONWEBER
317 1969 968 2057 7. Le Cid ballet de l’opéra)
1315 1980 1645 2098 J. MASSENET
427 2041 1249 2116 a) Castillane ; b) Andalouse ; c) Aragonaise ;
431 2105 1421 2177 d’Aubade ; e) Catalane ; f) Madrilène ; g) Navarraise.
317 2156 911 2246 7. India (transcription).
1318 2140 1753 2270 FR. VON FLOT àW
444 2224 1031 2305 Violon-solo: M. Edm. De Herdt.
317 2285 1144 2404 8. Capricio (sur la Jota Aragonesa)
1311 2301 1709 2413 M. IW. GLernka
312 2461 1786 2540 Mercredi 17 : Audition du Poème symphonique « La Mer » de PAUL GILSON.
315 2540 1781 2628 Mercredi 24 : Concert avec le concours de Mlle Elvire MICHIELS,
477 2597 645 2664 Pianiste.
315 2661 1781 2754 Mercredi 2 Mais : Concert avec le concours de M. MauriceGEERAERT,
473 2707 651 2774 Pianiste
315 2795 1698 2870 N.-B. — On ne pourra retenir sous aucun prétexte des places non occupées.
