2056 3224
344 350 1559 454 Koninklijke Maatschappij van Dierkunde
739 452 1222 551 VAN ANTWERPEN
253 531 1702 648 ̃ ̃ t'* * * k * * t * * M * * ^ * *
304 613 1660 743 Zondag 14 Februari 1904, te 3 ½ uren ’s namiddags
249 770 1640 944 Symfonisch Concer
265 953 1684 1069 DOOR HET ORKEST DER MAATSCHAPPIJ
410 1052 1552 1147 onder de leiding van M. EDWERD REURVELS
911 1136 1032 1274 &c
739 1250 1219 1400 programma
891 1389 1069 1460 1º DEEL
1255 1435 1667 1554 W. V. WALLACE
253 1466 845 1554 I. Loreley (openingstuk)
1259 1528 1497 1627 G. Bizet
249 1534 1219 1642 2. Carmen (bloemlezing door L Jacobs)
253 1625 1085 1704 3. Adagio en Wals (uit het danspel
439 1682 882 1764 Het Bloemenfeest)
1257 1656 1673 1762 THÉO Chantière
1261 1751 1676 1835 AUG. DE BOECK
249 1753 780 1856 4. Arabische marsch.
897 1828 1087 1918 2º DEEL
1259 1912 1717 2002 C. M. VONWEBER
249 1903 818 2008 5. Oberon ( openingstuk)
1248 1995 1598 2094 J. MASSENET
251 1991 897 2088 6. Le Cid (uit het zangspel).
371 2059 1175 2128 a Castillane ; b) Andalouse ; c) Aragonaise :
371 2119 1491 2201 d) Ochtendmuziek ; e) Catalane ; f) Madrilène ; g) Navarrise.
1257 2176 1687 2266 FR. VON FLOT àW
258 2183 787 2256 7. India (bloemlezing)
375 2242 986 2322 Viool-solo: Heer Edm. De Herdt
253 2302 1076 2410 8. Capricio (op de Jota Aragonesa)
1261 2297 1636 2388 M. IW. Glimka
258 2452 1717 2525 Woensdag 17 : Uitvoering van het Symfonisch Gedicht « De Zee » van PAUL
408 2513 582 2582 GILSON.
254 2555 1726 2648 Woensdag 24: Concert met de medewerking van Mej. Elvira MICHIELS,
414 2619 589 2681 Pianiste.
254 2666 1720 2740 Woensdag 2 Maart : Concert met de medewerking van den Heer Maurits
419 2723 866 2782 GEERAERT, Pianist.
253 2809 1717 2871 N.-B.— Niet ingenomen plaatsen mogen onder geen voorwendsel voorbehouden
415 2860 576 2926 worden.
975 2890 1669 2994 Drukk. F Janssens-Anthonis. — Antwerpen.
