2056 3224
501 347 1535 458 Société Royale de Zoologie d’Anvers
1285 479 1500 546 N°.VIII.
1529 473 1753 546 B. E. F.
1166 471 1245 552 A. W.
748 475 829 552 3.
882 464 987 548 voors.
425 545 1601 644 Mercredi 17 Février 1904, à 8 heures du soir
1098 636 1298 776 W
607 631 866 761 N
282 695 1753 842 Vorträät DE Selta Stöttä
394 849 1621 950 PAR L'ORCHESTRE DE LA SOCIÉTÉ
444 948 1588 1051 sous la direction de M. accavo KEURVELS
959 1040 1069 1161 etc.
772 1124 1265 1260 programme
902 1263 1135 1368 1re PARTIE
284 1326 855 1432 1. Princesse d'Auberge
1082 1340 1423 1441 JAN Blockx
425 1414 1003 1515 (introduction du IIe acte)
273 1482 567 1570 2. a) Conte
1102 1476 1595 1572 ARM. TIMMERMANS
431 1550 952 1638 Flûte-solo: M. Hipp. Vinck.
1102 1603 1742 1693 FRANK VAN DER STUKKEN
337 1601 882 1689 b) Nuit de Printemps.
279 1669 1529 1746 3. Psyché (poème symphonique). FLOR ALPAERTS
427 1746 1526 1819 (d'après l'œuvre de même nom de Louis Couperus)
394 1797 1269 1876 1. Psyché auprès du Sphinx. — Eros et Psyché.
394 1861 1139 1916 2. Fête des Nymphes et des Bacchantes.
392 1894 1359 1971 3. Scène infernale. — Dans le Royaume de l’Avenir.
886 1958 1137 2050 2mo PARTIE
1115 2035 1471 2127 PAUL GILSON
279 2034 563 2127 4. La Mer.
330 2100 1740 2208 (4 esquisses symphoniques d’après un poème d'EDDY LEvis)
275 2243 1742 2347 Mercredi 24 : Concert avec le concours de M. Maurice GEERAERT,
435 2323 616 2397 Pianiste.
273 2450 1738 2521 Messieurs Marix LŒVENSONN ( violoncelliste) et MauriceGEERAERT
440 2509 1740 2553 (pianiste) organisent le 25 Février. à 8 1/2 hs. du soir, une Séance de
435 2547 1744 2591 Musique de Chambre dans la Salle des Marbres de la Société Royale de
435 2582 1738 2628 Zoologie. Cette séance sera donnée avec le concours de Mlle
435 2622 1738 2670 CARLHANT, Cantatrice. Prix d’entrée: 2 Francs.— MM. les Membres
435 2661 1738 2707 de la Sociétéde Zoologie jouiront, sur présentation de leur carte de
435 2697 1744 2747 membre, d’une réduction de prix de 50 0/0. — Les cartes se délivrent aux
435 2741 1738 2802 guichets de la société dès le 22 crt. de 10 hs. à 5 hs., et le soir du concert,
431 2776 823 2829 à l'entrée de la salle.
268 2851 1663 2928 N.-B. — On ne pourra retenir sous aucun prétexte des places non occupées.
