2056 3224
771 262 1376 363 LA MER
913 425 1241 506 L’Aurore.
429 508 1816 597 La nuit se dissipe ; le matin éclôt, et les bruits et les couleurs se font plus
350 575 1816 621 clairs. — Le soleil surgit et inonde la mer de la splendeur de ses rayons dorés.
381 614 1818 665 — A l’horison passent les voiles des vaisseaux, tandis que du port un majestueux
359 651 1818 717 voilier s’élance et feud l’incessant assaut des flots. — Il devient le plus en plus
359 702 1153 768 petit et, bientôt, se perd par delà la vue...
436 731 1389 795 Et l’Océan, vierge de tout navire, joue avec le soleil.
753 803 1420 907 La ronde du Gabier.
751 907 1404 973 — Houp! les filles, dansez la ronde!
467 936 1706 1034 Le gabier, — quand il a terminé son quart, — sait comme pas un se
469 1004 801 1070 mêler à la danse
801 1019 1404 1094 Houp! les filles, dansez la ronde!
467 1054 1646 1143 Le gabier, quand il court sa bordée, fait entrer à fond de cale le
476 1121 704 1191 cidre à flot.
771 1123 1406 1208 Houp! les filles, dansez la ronde!
469 1189 1633 1253 Quand il remontera dans les hunes, le grain, le soleil ou la lune
469 1233 902 1297 seront ses seuls voisins.
793 1250 1411 1325 - Houp! les filles, dansez la ronde!
478 1305 1679 1360 Ohé, belle fille, donnez-lui votre amour! Le bateau filera dans un
478 1349 1028 1422 jour... Qui sait s’il reviendra!
793 1373 1404 1453 Houp! les filles, dansez la ronde,
900 1424 1213 1482 Dansez la gigue,
966 1464 1147 1528 Mesgas!
909 1537 1283 1620 Crépuseule.
478 1636 817 1719 Coucher de soleil.
1037 1664 1490 1750 La lumière du jour râle
634 1706 1508 1794 Et le vaste horizon, sur la mer, est en sang
634 1767 1362 1838 Plus de bruits sinon le bruit des flots
434 1825 1836 1904 Scène d'amour entre un marin et son aimée : dans sa peur de la tempête
357 1887 1255 1961 qui menace, elle prie pour le salut du bien-aimé
718 1924 1404 1975 " Ohé la-bas, faut qu’on s’embarque,
718 1974 1418 2019 „ Voilà le vent qui tourne au Nord! »
711 2005 1268 2054 Turle le vieux marin du bord.
434 2027 1455 2089 Le matelot embrasse sa fiancée. “ Tu m’es plus chère,
1497 2016 1831 2091 — dit-il, que la mer
363 2082 1836 2144 elle-même! » et, tandis que du rivage, inquiète, éperdue, elle suit des yeux
363 2118 953 2181 l’aimé, le bateau prend le flot...
638 2159 1589 2219 Et sous le ciel profond, comme un champ de repos,
640 2201 1435 2247 Tout constellé de croix et rempli de silence,
630 2236 1446 2307 Elle reste longtemps, étouffant ses sanglots.
889 2309 1308 2402 La Tempête.
445 2413 1836 2485 Les oiseaux de tempête, précurseurs de malheurs, cinglent l’air de leur vol.
410 2468 1840 2522 — La voûte se fait noire... Les vagues se cabrent, houillonnantes, monstrueuses...
440 2511 1803 2576 La tempête! — Une trombe surgit, se dresse formidable et puissante.
368 2536 894 2602 Coups de tonnerre, éclairs...
445 2578 1323 2635 Le vaisseau lutte contre les éléments coalisés...
440 2635 1365 2683 Le mat est fracassé ; les cordages sont arrachés...
443 2664 1248 2725 Des cris de détresse roulent dans la rafale.
449 2705 889 2774 Le navire s’engloutit...
1048 2712 1481 2800 Dans les cieux révoltés
638 2763 1488 2833 Un nuage s’entr’ouvre... Une immense volute
638 2817 1433 2888 De lumière descend sur les flots démontés.
