2056 3224
418 270 1554 387 Koninklijke Maatschappij van Dierkunde
730 378 1266 469 van Antwerpen.
358 453 460 520 V. F.
623 462 718 524 „
1255 466 1344 524 nänstä
1527 449 1726 537 F.T.
373 519 1616 594 Woensdag 17 Februari 1904, te 8 uren's avonds
290 595 436 701 P.
791 601 993 710 S
1434 608 1733 712 NOM,
247 678 1709 802 Seite Altsch-Concan!
268 815 1702 899 DOOR HET ORKEST DER MAATSCHAPPIJ
402 911 1565 1010 onder de leiding van M. EDWERD REURVEIS
930 981 1046 1114 FJ
751 1077 1224 1213 programma
913 1213 1088 1309 je Deel
252 1288 734 1381 I. Herbergprinses.
1074 1289 1401 1386 JANuoCxx
402 1362 1109 1470 (inleiding van het IIde bedrijf)
248 1430 657 1518 2. a) Vertelsel
1088 1432 1571 1512 ARM. TIMMERMANS
402 1488 981 1576 Fluit-solo : Heer Hipp. Vinck.
321 1554 690 1633 b) Lentenacht
1088 1552 1728 1634 FRANK VAN DER STUKKEN
258 1618 995 1706 3. Psyché (symfonisch gedicht)
1083 1624 1514 1706 FLOR. ALPAERTS
413 1698 1536 1784 (naar het gelijknamig gewrocht van Lod. Couperus)
387 1753 827 1823 1. Pyche bij de Stinx.
844 1759 1154 1832 Eros en Pyche.
374 1806 966 1855 2. Nimfen- en Bacchantenfeest.
374 1845 1209 1925 4. Helletooneel — In het Rijk der Toekomst.
909 1903 1088 2007 2° DEEL
263 1989 533 2067 4. De Zee
1098 1991 1434 2069 PAUL GILSON
314 2062 1678 2170 (4 symfonische schetsen naar een gedicht van EDDY LEVIS
270 2184 1733 2279 Woensdag 24 : Concert met de medewerking van den Heer Maurits
422 2252 888 2327 GEERAERT, Pianist.
265 2380 1735 2449 De Heeren Maria LŒVENSOHN (cellist) en MauritsGEERAERT (pianist)
431 2433 1726 2491 geven den 25 februari, om 81/2 uren ’s avonds, met de medewerking
427 2473 1726 2520 van Mej. CARLHANT, zangeres, eenen Muziekavond in de
431 2506 1719 2557 Marmeren zaal der Koninklijke Maatschappij van Dierkunde. Toegans¬
436 2549 1726 2601 prijs : 2 Frank. — De Heeren leden der Maatschappij van Dierkunde
433 2590 1729 2646 genieten, op vertoon hunner ledenkaart, van eene vermindering
431 2622 1726 2674 van 50 %. De kaarten worden uitgedeeld aan de winketten der Maat-
429 2661 1726 2739 schappij van af 22 dezer, van 10 tot 5 uren en den avond van het concert,
426 2697 893 2752 aan den ingang der zaal.
265 2770 1735 2854 N.-B.— Niet ingenomen plaatsen mogen onder geen voorwendsel voorbehouden
426 2818 581 2875 worden
1090 2838 1645 2948 F. Janssens-Anthonis. — Antwerpen.
