2056 3224
717 316 1285 441 DE ZEE
771 477 1225 568 De Dageraad.
345 564 1699 641 De nacht verdwijnt ; de morgen kiemt, en de eerste geruchten ontwaken.
354 623 1583 677 De zon verschijnt en baadt de zee in eenen stroom van gouden licht.
343 661 1741 750 In de verte vertoonen zich schepen, terwijl een overgroot vaartuig uit de
267 715 1227 788 haven wegzeilt, besprongen door de razende gulven.
348 762 1683 829 Het statige schip wordt kleiner en kleiner, eerlang geheel onzichtbaar...
348 806 1354 880 Daar ligt de Oceaan, zich wiegende in den zonnegloed.
432 904 1557 996 De Rondedans van de Marsgasten.
615 980 1218 1060 Hopsa, deernen, ten rondedans!
650 1027 1339 1111 De marsgast — na voltooiden arbeid
612 1085 1247 1160 kan een flikker slaan als de beste!
695 1138 1303 1194 Hopsa, decruen, ten rondedans!
608 1180 1463 1260 De marsgast slaat den appelwijn naar binnen.
697 1234 1314 1296 - Hopsa, deernen, ten rondedans!
619 1278 1664 1349 Straks klautert de marsgarst in den mast, vlak in de zon.
690 1341 1300 1399 - Hopsa, deernen, ten rondedans!
615 1367 1461 1443 Heisa, mooi meisje, schenk thans hem liefde!
615 1423 1496 1490 Het schip vaart henen... Wie weet, of het keert
613 1483 1314 1548 Minnen moet men, terwijl het tijd is!
692 1523 1305 1586 - Hopsa, deernen, ten rondedans!
737 1608 1245 1699 Avondschemer.
338 1679 639 1779 Zonsondergang
648 1739 1301 1826 De zee baadt als in bloed en purper,
641 1791 1269 1868 Alles wordt rustig; alles zwijgt...
348 1839 1730 1928 Liefdetooneel tusschen een scheepsmaat en zijn meisje : in haren angst
267 1889 1541 1957 voor eenen naderenden orkaan bidt zij voor het behoud des geliefden.
345 1931 1733 2016 De wind is Noord! Alle man op dek! Werken is de boodschap, roept de oude
261 1978 470 2042 stuurman.
339 2036 1728 2109 De scheepsmaat zoent zijne geliefde. „ Liever zijt ge mij, — zegt hij, dan
261 2084 1724 2158 de zee zelve! » en, terwijl zij van het strand hein nakijkt. zeilt het schip henen,
270 2129 1726 2216 ver henen in den nacht, die — met zijne duizend sterren — den hemel
261 2171 425 2258 betrekt.
339 2203 1568 2305 Lang blijft ze met tranen in de oogen, in de verte de zee aanstaren.
760 2296 1202 2394 De Tempeest.
336 2378 1147 2463 Stormvogels fladderen rond, onheilspellend.
339 2448 1541 2550 Donkerder wordt de hemel... De baren klotsen woest en woester...
341 2490 599 2554 De tempeest!
339 2543 1296 2614 Een waterhoos verheft zich dreigend tot de wolken...
336 2588 935 2661 Donderslagen, bliksemflitsen....
339 2644 1254 2704 Het schip strijdt tegen de verbonden elementen...
341 2688 1430 2768 De mast vliegt aan splinters; de kabels worden losgerukt...
345 2737 1416 2822 Hulpkreten schetteren op in het gejoel van wind en baren.
341 2779 726 2844 Het schip verzinkt..
332 2830 1715 2917 De wolken scheuren open : een machtige lichtstraat schittert over het nog
260 2873 559 2946 ziedende water.
