2056 3224
458 351 1596 476 Koninklijke Maatschappij van Dierkunde
791 463 1265 553 VAN ANTWERPEN
295 533 1748 635 ̃ ̃̃ t * * * r * * M * * ^ * * a * * og
342 611 1696 708 Zondag 21 Februari 1904, te 3 ½ uren ’s namiddags
1213 772 1696 906 Concer
295 705 1138 902 Symfonisch
320 913 1735 1025 DOOR HET ORKEST DER MAATSCHAPPIJ
458 1027 1587 1120 onder de leiding van M. EDMARD REURVELS
961 1094 1072 1202 86
787 1188 1266 1321 programma
942 1305 1105 1393 1o DEEL
1288 1371 1636 1455 K. HANSSENS
291 1372 792 1464 I. Concertouverture.
1285 1444 1616 1519 J. MASSENET
295 1442 942 1517 2. Herodiade (bloemlezing)
1297 1501 1618 1574 CH. GOUNOD
296 1499 1036 1588 3. A) De Duive tusschenbedrijf.
1299 1554 1775 1634 MOR. Moszkowski
357 1568 675 1634 B) Serenade
1303 1614 1667 1704 PETER BENOIT
304 1620 747 1711 4. Rubensmarsch.
944 1691 1125 1760 2e DEEL
1294 1749 1724 1834 CARL GOLDMienK
296 1749 948 1843 5 Sakuntala (opingstuk)
1299 1819 1693 1907 C. SAINS-SAENS
295 1817 1202 1896 6. Henry VIII (ballet uit het zangspel)
419 1878 1131 1934 A) Inleiding. — Intocht der Stammen :
419 1918 1246 1987 B) Schotsche idylle : c) Dans der Zigeunerin
415 1962 739 2035 b) Gigue en Slot.
1288 1964 1565 2073 J. S. BACH
298 2004 505 2081 7. Aria
1290 2051 1691 2152 AUG. DE BOECK
300 2070 999 2145 8. Dahomeaansche rhapsodie
304 2172 1771 2251 Woensdag 24 : Concert met de medewerking van den Heer Maurits
458 2223 908 2288 GEERAERT, Pianist.
304 2269 1768 2320 Woensdag 2 Maart: Concert met de medewerking van den Heer Edmond
452 2315 1759 2375 DE HERDT, Viool-solo van het Orkest en Leeraar aan het Koninklijk
465 2353 1250 2414 Vlaamsch Conservatorium van Antwerpen.
304 2375 1762 2450 Woensdag 9 Maart. (ter nagedachtenis van den Meester — 8 Maart 1901) :
458 2438 1768 2483 BLITENGEWOON CONCERT gewijd aan werken van PETER BENOIT en
452 2472 1762 2529 gegeven met de medewerking van Mevr. SoETENS-FLAMENT (zangeres),
458 2516 1766 2571 H.H. L. Swolrs (tenor), J. JUDELS (bas), FRANS LENAERTS (planist) en HiP.
465 2555 737 2639 VlN’CK (Quitist)
