<?xml version="1.0" encoding="UTF-8" standalone="yes"?>
<PcGts xmlns="http://schema.primaresearch.org/PAGE/gts/pagecontent/2013-07-15" xmlns:xsi="http://www.w3.org/2001/XMLSchema-instance" xsi:schemaLocation="http://schema.primaresearch.org/PAGE/gts/pagecontent/2013-07-15 http://schema.primaresearch.org/PAGE/gts/pagecontent/2013-07-15/pagecontent.xsd">
    <Metadata>
        <Creator>prov=READ-COOP:name=TrHtr:version=2.18.1:model_id=51170:date=16_10_2024_05:35</Creator>
        <Created>2024-10-15T15:15:04.139+02:00</Created>
        <LastChange>2024-10-16T05:35:55.312+02:00</LastChange>
        <TranskribusMetadata docId="4641973" pageId="80333826" pageNr="42" tsid="193993350" status="IN_PROGRESS" userId="131016" imgUrl="https://files.transkribus.eu/Get?id=LWUBUPYPONTWPRRVIIAWJTWY&amp;fileType=view" xmlUrl="https://files.transkribus.eu/Get?id=OPWIRNFTOIXVZKDGAMMABQHR" imageId="65794028"/>
    </Metadata>
    <Page imageFilename="0042_kca-srdda-cpr1904-030901108875-tx-00042.jpg" imageWidth="2056" imageHeight="3224">
        <ReadingOrder>
            <OrderedGroup id="ro_1757315586629" caption="Regions reading order">
                <RegionRefIndexed index="0" regionRef="tr_2"/>
                <RegionRefIndexed index="1" regionRef="tr_1"/>
            </OrderedGroup>
        </ReadingOrder>
        <TextRegion id="tr_2" custom="readingOrder {index:0;}">
            <Coords points="226,311 1698,311 1698,1135 226,1135"/>
            <TextLine id="tr_2_tl_1" custom="readingOrder {index:0;}">
                <Coords points="387,407 720,372 795,400 1427,394 1526,372 1528,289 389,322"/>
                <Baseline points="397,376 411,373 456,373 501,373 546,376 591,376 635,376 680,373 725,376 770,373 814,373 859,373 904,370 949,370 994,373 1038,373 1083,370 1128,370 1173,367 1217,364 1262,364 1307,364 1352,364 1397,361 1441,361 1486,361 1531,361"/>
                <TextEquiv>
                    <Unicode>Koninklijke Maatschappij van Dierkunde</Unicode>
                </TextEquiv>
            </TextLine>
            <TextLine id="tr_2_tl_2" custom="readingOrder {index:1;}">
                <Coords points="713,457 760,471 840,446 897,466 926,451 965,464 1193,447 1193,381 1090,396 904,389 856,403 823,385 794,403 714,390"/>
                <Baseline points="725,444 749,444 794,444 838,444 883,444 928,444 973,438 1017,438 1062,438 1107,438 1152,435 1197,438"/>
                <TextEquiv>
                    <Unicode>VAN ANTWERPEN</Unicode>
                </TextEquiv>
            </TextLine>
            <TextLine id="tr_2_tl_3" custom="readingOrder {index:2;}">
                <Coords points="228,530 1556,538 1681,528 1681,455 228,470"/>
                <Baseline points="238,522 253,525 298,525 343,525 388,525 432,525 477,525 522,525 567,525 611,525 656,525 701,522 746,522 791,522 835,522 880,519 925,519 970,519 1014,519 1059,519 1104,516 1149,516 1194,516 1238,516 1283,516 1328,516 1373,513 1417,513 1462,513 1507,510 1552,513 1597,510 1641,510 1686,510"/>
                <TextEquiv>
                    <Unicode>̃ ̃ t * t * * M * * *  * * + * * - * *</Unicode>
                </TextEquiv>
            </TextLine>
            <TextLine id="tr_2_tl_4" custom="readingOrder {index:3;}">
                <Coords points="333,613 1556,615 1571,536 1342,571 939,532 852,567 736,530 569,565 333,545"/>
                <Baseline points="343,597 367,597 411,597 456,600 501,600 546,600 591,600 635,597 680,597 725,597 770,597 814,597 859,597 904,597 949,594 994,594 1038,594 1083,594 1128,591 1173,591 1217,591 1262,591 1307,591 1352,591 1397,588 1441,588 1486,588 1531,588 1576,588"/>
                <TextEquiv>
                    <Unicode>Woensdag 24 Februari 1904, te 8 uren s avonds</Unicode>
                </TextEquiv>
            </TextLine>
            <TextLine id="tr_2_tl_5" custom="readingOrder {index:4;}">
                <Coords points="215,797 377,840 608,799 1512,814 1696,790 1698,724 1574,759 1269,687 1131,768 1016,687 930,742 779,683 350,676 215,753"/>
                <Baseline points="226,797 265,794 310,797 355,800 400,797 444,797 489,797 534,794 579,794 623,794 668,797 713,797 758,797 803,794 847,794 892,794 937,794 982,794 1026,791 1071,794 1116,791 1161,785 1206,782 1250,785 1295,788 1340,788 1385,788 1429,785 1474,785 1519,782 1564,785 1609,785 1653,782 1698,785"/>
                <TextEquiv>
                    <Unicode>Symionisch concert</Unicode>
                </TextEquiv>
            </TextLine>
            <TextLine id="tr_2_tl_6" custom="readingOrder {index:5;}">
                <Coords points="249,917 1659,922 1672,841 249,860"/>
                <Baseline points="259,913 286,913 331,910 376,910 420,910 465,913 510,913 555,913 600,910 644,910 689,910 734,910 779,910 823,910 868,910 913,910 958,907 1003,907 1047,907 1092,907 1137,907 1182,907 1226,904 1271,904 1316,904 1361,901 1406,904 1450,901 1495,901 1540,901 1585,901 1629,898 1674,901"/>
                <TextEquiv>
                    <Unicode>DOOR HET ORKEST DER MAATSCHAPPIJ</Unicode>
                </TextEquiv>
            </TextLine>
            <TextLine id="tr_2_tl_7" custom="readingOrder {index:6;}">
                <Coords points="390,992 1536,992 1536,930 1490,917 392,961"/>
                <Baseline points="403,985 420,985 465,985 510,985 555,985 600,985 644,985 689,985 734,985 779,985 823,982 868,982 913,982 958,982 1003,982 1047,979 1092,979 1137,979 1182,979 1226,979 1271,979 1316,976 1361,976 1406,976 1450,976 1495,976 1540,976"/>
                <TextEquiv>
                    <Unicode>onder de leiding van M. EDWERD REURVELS</Unicode>
                </TextEquiv>
            </TextLine>
            <TextLine id="tr_2_tl_8" custom="readingOrder {index:7;}">
                <Coords points="696,1055 751,1066 770,1051 897,1051 926,1066 1027,1046 1125,1055 1158,1038 1217,1053 1230,1050 1230,1005 1068,1013 980,994 937,1018 805,1003 696,1016"/>
                <Baseline points="707,1044 743,1044 788,1044 832,1041 877,1041 922,1041 967,1041 1011,1038 1056,1041 1101,1038 1146,1038 1191,1038 1235,1038"/>
                <TextEquiv>
                    <Unicode>EN MET DE MEDLWERKING VAN</Unicode>
                </TextEquiv>
            </TextLine>
            <TextLine id="tr_2_tl_9" custom="readingOrder {index:8;}">
                <Coords points="444,1129 547,1158 709,1129 1432,1136 1479,1129 1479,1050 970,1050 777,1081 444,1053"/>
                <Baseline points="453,1122 498,1122 543,1122 588,1122 632,1125 677,1125 722,1125 767,1125 811,1125 856,1122 901,1122 946,1122 991,1122 1035,1119 1080,1122 1125,1119 1170,1122 1214,1122 1259,1119 1304,1119 1349,1119 1394,1116 1438,1113 1483,1116"/>
                <TextEquiv>
                    <Unicode>Heer Maurits GEERAERT, Pianist.</Unicode>
                </TextEquiv>
            </TextLine>
        </TextRegion>
        <TextRegion id="tr_1" custom="readingOrder {index:1;}">
            <Coords points="235,1164 1713,1164 1713,2622 235,2622"/>
            <TextLine id="tr_1_tl_1" custom="readingOrder {index:0;}">
                <Coords points="897,1224 910,1224 915,1219 935,1235 959,1223 968,1228 972,1224 978,1228 1005,1224 1002,1129 989,1129 963,1147 952,1143 948,1147 934,1140 917,1153 906,1149 893,1153"/>
                <Baseline points="907,1214 952,1217 997,1217 1008,1220"/>
                <TextEquiv>
                    <Unicode>&amp;C.</Unicode>
                </TextEquiv>
            </TextLine>
            <TextLine id="tr_1_tl_2" custom="readingOrder {index:1;}">
                <Coords points="724,1342 740,1350 830,1322 902,1363 926,1344 950,1359 987,1353 1029,1324 1077,1353 1112,1329 1149,1351 1200,1331 1200,1263 1166,1254 1138,1265 1061,1243 1029,1263 957,1252 924,1269 899,1250 840,1247 819,1265 773,1234 724,1230"/>
                <Baseline points="734,1325 758,1322 803,1319 847,1316 892,1316 937,1319 982,1316 1026,1316 1071,1319 1116,1316 1161,1316 1206,1319"/>
                <TextEquiv>
                    <Unicode>programma</Unicode>
                </TextEquiv>
            </TextLine>
            <TextLine id="tr_1_tl_3" custom="readingOrder {index:2;}">
                <Coords points="876,1414 893,1410 915,1432 928,1420 934,1423 952,1414 976,1421 985,1431 1013,1416 1051,1427 1051,1361 1031,1363 1009,1346 968,1359 957,1370 921,1370 906,1359 897,1368 876,1372"/>
                <Baseline points="886,1400 931,1400 976,1400 1020,1400 1056,1406"/>
                <TextEquiv>
                    <Unicode>1e DEEL</Unicode>
                </TextEquiv>
            </TextLine>
            <TextLine id="tr_1_tl_4" custom="readingOrder {index:3;}">
                <Coords points="234,1502 422,1488 551,1506 637,1488 711,1504 751,1486 805,1499 843,1486 843,1447 764,1427 731,1449 643,1429 376,1451 322,1431 284,1458 234,1449"/>
                <Baseline points="244,1486 265,1486 310,1483 355,1483 400,1480 444,1480 489,1480 534,1480 579,1483 623,1480 668,1480 713,1480 758,1480 803,1480 847,1480"/>
                <TextEquiv>
                    <Unicode>I. Egmont (openingstuk)</Unicode>
                </TextEquiv>
            </TextLine>
            <TextLine id="tr_1_tl_5" custom="readingOrder {index:4;}">
                <Coords points="225,1548 970,1552 1055,1543 1057,1506 300,1491 225,1521"/>
                <Baseline points="235,1543 253,1543 298,1543 343,1540 388,1540 432,1537 477,1537 522,1537 567,1537 611,1537 656,1534 701,1537 746,1534 791,1534 835,1534 880,1534 925,1534 970,1534 1014,1531 1059,1537"/>
                <TextEquiv>
                    <Unicode>2. Muziek voor een Riddersballet.</Unicode>
                </TextEquiv>
            </TextLine>
            <TextLine id="tr_1_tl_6" custom="readingOrder {index:5;}">
                <Coords points="309,1598 1123,1600 1123,1547 366,1547 309,1578"/>
                <Baseline points="319,1591 322,1591 367,1591 411,1591 456,1588 501,1588 546,1588 591,1588 635,1588 680,1588 725,1588 770,1588 814,1588 859,1585 904,1588 949,1588 994,1585 1038,1585 1083,1585 1128,1588"/>
                <TextEquiv>
                    <Unicode>A) Marsch ; B) Duitsch gezang; c) Jachtlied;</Unicode>
                </TextEquiv>
            </TextLine>
            <TextLine id="tr_1_tl_7" custom="readingOrder {index:6;}">
                <Coords points="309,1635 1090,1642 1090,1596 1062,1589 309,1598"/>
                <Baseline points="319,1629 364,1629 408,1626 453,1626 498,1626 543,1626 588,1626 632,1626 677,1626 722,1626 767,1626 811,1626 856,1629 901,1626 946,1623 991,1623 1035,1623 1080,1626 1092,1629"/>
                <TextEquiv>
                    <Unicode>b) Romance ; E) Krijgslied ; F) Drinklied ;</Unicode>
                </TextEquiv>
            </TextLine>
            <TextLine id="tr_1_tl_8" custom="readingOrder {index:7;}">
                <Coords points="309,1683 786,1677 805,1674 806,1637 725,1631 709,1648 668,1635 569,1633 543,1646 394,1633 311,1646"/>
                <Baseline points="319,1668 361,1671 405,1668 450,1668 495,1665 540,1665 585,1665 629,1665 674,1665 719,1665 764,1665 808,1665"/>
                <TextEquiv>
                    <Unicode>G) Duitsche dans; n) Slot.</Unicode>
                </TextEquiv>
            </TextLine>
            <TextLine id="tr_1_tl_9" custom="readingOrder {index:8;}">
                <Coords points="1213,1685 1259,1694 1300,1676 1409,1698 1611,1677 1672,1694 1703,1688 1703,1637 1602,1617 1525,1624 1506,1641 1398,1622 1344,1639 1241,1630 1213,1642"/>
                <Baseline points="1223,1677 1259,1677 1304,1674 1349,1674 1394,1674 1438,1674 1483,1674 1528,1674 1573,1674 1617,1671 1662,1671 1707,1671"/>
                <TextEquiv>
                    <Unicode>L. VAN BEethoven</Unicode>
                </TextEquiv>
            </TextLine>
            <TextLine id="tr_1_tl_10" custom="readingOrder {index:9;}">
                <Coords points="300,1744 613,1729 654,1749 700,1727 827,1747 869,1725 1029,1747 1132,1725 1132,1688 1046,1666 978,1690 941,1666 880,1688 626,1672 600,1696 549,1670 521,1692 300,1676"/>
                <Baseline points="310,1722 331,1722 376,1722 420,1719 465,1719 510,1719 555,1722 600,1719 644,1719 689,1719 734,1719 779,1722 823,1719 868,1719 913,1719 958,1719 1003,1716 1047,1719 1092,1716 1137,1716"/>
                <TextEquiv>
                    <Unicode>Concerto (in C moll) voor klavier en</Unicode>
                </TextEquiv>
            </TextLine>
            <TextLine id="tr_1_tl_11" custom="readingOrder {index:10;}">
                <Coords points="392,1790 409,1788 449,1806 473,1788 481,1792 521,1788 539,1795 547,1788 560,1788 560,1742 547,1740 539,1746 514,1738 501,1744 453,1729 438,1746 423,1751 407,1740 392,1744"/>
                <Baseline points="403,1779 447,1779 492,1779 537,1779 564,1782"/>
                <TextEquiv>
                    <Unicode>Verkest</Unicode>
                </TextEquiv>
            </TextLine>
            <TextLine id="tr_1_tl_12" custom="readingOrder {index:11;}">
                <Coords points="320,1852 948,1834 974,1854 1070,1836 1070,1790 965,1775 928,1801 764,1775 659,1804 593,1784 541,1806 320,1799"/>
                <Baseline points="331,1832 358,1832 403,1829 447,1832 492,1829 537,1829 582,1829 626,1829 671,1829 716,1829 761,1829 806,1829 850,1826 895,1826 940,1826 985,1826 1029,1826 1074,1826"/>
                <TextEquiv>
                    <Unicode>A) Allegro; B) Largo; c) Ronde (allegro).</Unicode>
                </TextEquiv>
            </TextLine>
            <TextLine id="tr_1_tl_13" custom="readingOrder {index:12;}">
                <Coords points="394,1906 473,1896 593,1913 654,1895 783,1913 799,1896 838,1909 884,1895 954,1919 943,1845 615,1845 543,1862 394,1841"/>
                <Baseline points="405,1886 450,1889 495,1886 540,1889 585,1886 629,1886 674,1886 719,1886 764,1886 808,1886 853,1883 898,1883 943,1886 958,1886"/>
                <TextEquiv>
                    <Unicode>M. MauritsGEERAERT.</Unicode>
                </TextEquiv>
            </TextLine>
            <TextLine id="tr_1_tl_14" custom="readingOrder {index:13;}">
                <Coords points="876,1963 928,1961 935,1955 946,1961 989,1957 1024,1976 1037,1972 1068,1985 1068,1908 1046,1904 1016,1920 992,1908 957,1919 922,1911 876,1933"/>
                <Baseline points="886,1952 931,1949 976,1949 1020,1949 1065,1952 1071,1952"/>
                <TextEquiv>
                    <Unicode>2e DEEL</Unicode>
                </TextEquiv>
            </TextLine>
            <TextLine id="tr_1_tl_15" custom="readingOrder {index:14;}">
                <Coords points="1219,2024 1305,2029 1331,2018 1353,2033 1412,2020 1425,2031 1475,2020 1497,2031 1510,2020 1560,2025 1560,1970 1528,1957 1438,1965 1399,1946 1346,1983 1219,1968"/>
                <Baseline points="1229,2017 1250,2015 1295,2012 1340,2012 1385,2012 1429,2012 1474,2012 1519,2012 1564,2012"/>
                <TextEquiv>
                    <Unicode>JOH. BRAHûS</Unicode>
                </TextEquiv>
            </TextLine>
            <TextLine id="tr_1_tl_16" custom="readingOrder {index:15;}">
                <Coords points="239,2036 352,2025 442,2044 622,2025 639,2040 851,2020 851,1981 795,1989 764,1972 668,1987 613,1965 517,1983 499,1968 396,1990 357,1966 300,1994 241,1978"/>
                <Baseline points="250,2029 274,2026 319,2023 364,2020 408,2020 453,2020 498,2017 543,2017 588,2017 632,2017 677,2017 722,2017 767,2015 811,2017 856,2017"/>
                <TextEquiv>
                    <Unicode>4. Tragische Ouvertüre</Unicode>
                </TextEquiv>
            </TextLine>
            <TextLine id="tr_1_tl_17" custom="readingOrder {index:16;}">
                <Coords points="1213,2095 1245,2097 1291,2073 1304,2086 1324,2077 1340,2088 1401,2077 1410,2090 1432,2079 1442,2088 1460,2081 1497,2090 1499,2035 1409,2035 1394,2024 1361,2025 1342,2038 1307,2025 1287,2042 1259,2025 1215,2038"/>
                <Baseline points="1226,2077 1235,2077 1280,2074 1325,2071 1370,2068 1414,2068 1459,2068 1504,2068"/>
                <TextEquiv>
                    <Unicode>J. S. BACH</Unicode>
                </TextEquiv>
            </TextLine>
            <TextLine id="tr_1_tl_18" custom="readingOrder {index:17;}">
                <Coords points="239,2084 359,2103 514,2077 586,2097 770,2079 950,2095 952,2033 663,2044 562,2025 431,2051 377,2029 313,2051 241,2036"/>
                <Baseline points="250,2083 283,2080 328,2077 373,2077 417,2074 462,2074 507,2074 552,2074 597,2074 641,2074 686,2077 731,2077 776,2077 820,2074 865,2074 910,2074 955,2080"/>
                <TextEquiv>
                    <Unicode>5. Toccata en fuga (in D moll)</Unicode>
                </TextEquiv>
            </TextLine>
            <TextLine id="tr_1_tl_19" custom="readingOrder {index:18;}">
                <Coords points="392,2151 458,2134 512,2149 597,2134 613,2149 655,2130 792,2132 834,2149 851,2134 954,2134 954,2095 922,2081 799,2097 770,2081 648,2103 619,2088 543,2103 506,2084 392,2101"/>
                <Baseline points="403,2125 447,2128 492,2128 537,2125 582,2125 626,2125 671,2125 716,2125 761,2125 806,2125 850,2125 895,2125 940,2125 958,2128"/>
                <TextEquiv>
                    <Unicode>M. MauritsGEERAERT.</Unicode>
                </TextEquiv>
            </TextLine>
            <TextLine id="tr_1_tl_20" custom="readingOrder {index:19;}">
                <Coords points="238,2200 1392,2180 1534,2213 1617,2193 1617,2128 238,2134"/>
                <Baseline points="247,2185 274,2185 319,2185 364,2182 408,2182 453,2182 498,2182 543,2182 588,2182 632,2182 677,2182 722,2182 767,2182 811,2182 856,2182 901,2182 946,2182 991,2182 1035,2182 1080,2179 1125,2179 1170,2179 1214,2179 1232,2176 1277,2176 1322,2176 1367,2176 1411,2173 1456,2176 1501,2176 1546,2176 1591,2176 1620,2179"/>
                <TextEquiv>
                    <Unicode>6. Der fliegende Holländer ( openingstuk) RICH. WAGNER</Unicode>
                </TextEquiv>
            </TextLine>
            <TextLine id="tr_1_tl_21" custom="readingOrder {index:20;}">
                <Coords points="320,2292 1630,2294 1602,2232 320,2228"/>
                <Baseline points="331,2274 376,2277 420,2277 465,2277 510,2277 555,2274 600,2277 644,2277 689,2277 734,2277 779,2277 823,2277 868,2277 913,2274 958,2277 1003,2277 1047,2277 1092,2274 1137,2274 1182,2274 1226,2274 1271,2274 1316,2274 1361,2271 1406,2271 1450,2271 1495,2271 1540,2271 1585,2271 1629,2274 1635,2277"/>
                <TextEquiv>
                    <Unicode>Concertvleugel ERARD uit het Huis L. ANTHONIS.</Unicode>
                </TextEquiv>
            </TextLine>
            <TextLine id="tr_1_tl_22" custom="readingOrder {index:21;}">
                <Coords points="243,2375 1563,2379 1705,2368 1705,2313 243,2325"/>
                <Baseline points="253,2367 274,2367 319,2367 364,2367 408,2367 453,2367 498,2367 543,2364 588,2367 632,2367 677,2367 722,2367 767,2367 811,2367 856,2367 901,2367 946,2367 991,2367 1035,2367 1080,2364 1125,2367 1170,2367 1214,2367 1259,2364 1304,2364 1349,2364 1394,2364 1438,2364 1483,2364 1528,2361 1573,2364 1617,2364 1662,2361 1707,2364"/>
                <TextEquiv>
                    <Unicode>Woensdag 2 Maart : Concert met de medewerking van den Heer Edmond</Unicode>
                </TextEquiv>
            </TextLine>
            <TextLine id="tr_1_tl_23" custom="readingOrder {index:22;}">
                <Coords points="401,2410 1655,2427 1707,2414 1707,2370 401,2379"/>
                <Baseline points="411,2409 456,2406 501,2406 546,2406 591,2403 635,2403 680,2406 725,2403 770,2406 814,2406 859,2406 904,2403 949,2406 994,2406 1038,2403 1083,2406 1128,2406 1173,2406 1217,2406 1262,2403 1307,2403 1352,2403 1397,2403 1441,2403 1486,2403 1531,2403 1576,2403 1620,2403 1665,2403 1710,2400"/>
                <TextEquiv>
                    <Unicode>DEHERDT, Viool-solo van het Orkest en Leeraar aan het Koninklijk</Unicode>
                </TextEquiv>
            </TextLine>
            <TextLine id="tr_1_tl_24" custom="readingOrder {index:23;}">
                <Coords points="403,2449 1189,2451 1189,2418 1110,2412 403,2412"/>
                <Baseline points="414,2441 459,2444 504,2444 549,2444 594,2444 638,2444 683,2441 728,2441 773,2444 817,2444 862,2441 907,2444 952,2444 997,2444 1041,2444 1086,2444 1131,2444 1176,2444 1194,2444"/>
                <TextEquiv>
                    <Unicode>Vlaamsch Conservatorium van Antwerpen.</Unicode>
                </TextEquiv>
            </TextLine>
            <TextLine id="tr_1_tl_25" custom="readingOrder {index:24;}">
                <Coords points="249,2497 1701,2497 1622,2441 249,2454"/>
                <Baseline points="259,2492 271,2492 316,2492 361,2492 405,2492 450,2492 495,2492 540,2489 585,2489 629,2489 674,2489 719,2489 764,2492 808,2489 853,2489 898,2489 943,2492 988,2492 1032,2492 1077,2489 1122,2492 1167,2489 1211,2489 1256,2489 1301,2489 1346,2489 1391,2486 1435,2486 1480,2489 1525,2489 1570,2486 1614,2489 1659,2489 1704,2489"/>
                <TextEquiv>
                    <Unicode>Woensdag 9 Maart (ter nagedachtenis van den Meester — 8 Maart 1901)</Unicode>
                </TextEquiv>
            </TextLine>
            <TextLine id="tr_1_tl_26" custom="readingOrder {index:25;}">
                <Coords points="398,2535 1628,2543 1709,2535 1709,2495 398,2500"/>
                <Baseline points="408,2531 414,2531 459,2531 504,2531 549,2528 594,2528 638,2525 683,2528 728,2528 773,2528 817,2528 862,2528 907,2528 952,2531 997,2528 1041,2528 1086,2528 1131,2528 1176,2528 1220,2528 1265,2528 1310,2525 1355,2528 1400,2525 1444,2528 1489,2528 1534,2528 1579,2528 1623,2528 1668,2525 1713,2528"/>
                <TextEquiv>
                    <Unicode>BUITENGEWOON CONCERT gewijd aan werken van PETER BENOIT en</Unicode>
                </TextEquiv>
            </TextLine>
            <TextLine id="tr_1_tl_27" custom="readingOrder {index:26;}">
                <Coords points="401,2578 1709,2581 1709,2534 1661,2530 401,2537"/>
                <Baseline points="411,2573 414,2570 459,2570 504,2567 549,2570 594,2567 638,2567 683,2567 728,2567 773,2567 817,2567 862,2567 907,2567 952,2567 997,2570 1041,2567 1086,2567 1131,2567 1176,2567 1220,2567 1265,2567 1310,2567 1355,2567 1400,2567 1444,2567 1489,2567 1534,2567 1579,2567 1623,2567 1668,2567 1713,2570"/>
                <TextEquiv>
                    <Unicode>gegeven met de medewerking van Mevr. SoETENS-FLAMENT (zangeres),</Unicode>
                </TextEquiv>
            </TextLine>
            <TextLine id="tr_1_tl_28" custom="readingOrder {index:27;}">
                <Coords points="401,2613 1709,2616 1670,2570 401,2578"/>
                <Baseline points="411,2612 414,2609 459,2609 504,2609 549,2609 594,2609 638,2609 683,2609 728,2606 773,2606 817,2609 862,2609 907,2609 952,2609 997,2609 1041,2609 1086,2609 1131,2609 1176,2609 1220,2609 1265,2609 1310,2606 1355,2606 1400,2609 1444,2609 1489,2606 1534,2609 1579,2606 1623,2606 1668,2606 1713,2603"/>
                <TextEquiv>
                    <Unicode>IiH. L. Swolrs (tenor), J. JUDels (bas), FRANS LENAERTS (pianist) en HIPP.</Unicode>
                </TextEquiv>
            </TextLine>
        </TextRegion>
    </Page>
</PcGts>
