2056 3224
410 297 1549 421 Koninklijke Maatschappij van Dierkunde
742 402 1207 491 VAN ANTWERPEN
249 478 1704 563 ̃ ̃ t * * * r * * a * * + * *
300 548 1662 637 Zondag 28 Februari 1904, te 3 ½ uren ’s namiddags
249 695 1641 876 Symlonisch Concer
181 863 1698 980 DOOR HET ORKEST DER MAATSCHAPPIJ
419 978 1553 1050 onder de leiding van M. ED kan DeurveLS
924 1048 1031 1175 86
733 1158 1231 1298 programma
903 1294 1075 1383 1e DEEL
1275 1347 1700 1451 WILLEM DE MOL
255 1354 961 1468 I. Nederland! (öpeningstuk)
1275 1435 1541 1503 ANT. TITL
261 1439 646 1520 2. A) Serenade
378 1502 1481 1570 Solisten : H. Hipp. Vinck (fluit) en Flor. Gecraerts (hoorn).
1279 1545 1649 1656 W. A. MoZART
321 1570 831 1660 B) Turksche marsch
1279 1630 1619 1734 FR. SMETANA
257 1638 778 1740 3. Boheemsche dans
1275 1717 1666 1825 AMBR. THOMAS
255 1717 839 1821 4. Hamlet (bloemlezing)
903 1787 1080 1864 2º DEEL
1275 1840 1664 1944 EDVARD GRIEG
257 1859 874 1949 5. Herfstijd (opingstuk
1279 1930 1602 2012 J. MASSENET
264 1944 848 2019 6. Elzassische tooneelen
387 1993 1700 2066 A) Zondag morgen ; B) In de Tapperij ; c) Onder de Linden (liefdetooneel);
382 2055 1656 2119 Solisten : lH. Joz. Van der Avort (cello) en.Joz. (lootmans (klarinet)
387 2098 914 2180 b) Zondag avond (de Taptoe)
1284 2142 1738 2236 P. TsCHAïK0WSEY
263 2161 801 2250 7. Andante cantabile.
1284 2223 1622 2327 H. WaELaUT
272 2225 720 2316 8. Heldenmarsch
270 2363 1732 2418 Woensdag 2 Maart: Concert met de medewerking van den Heer Edmond
421 2410 1732 2470 DEHERDT, Viool-solo van het Orkest en Leeraar aan het Koninklijk
434 2455 1230 2538 Vlaamsch Conservatorium van Antwerpen.
280 2493 1736 2561 Woensdag 9 Maart (ter nagedachtenis van den Meester — 8 Maart 1901) :
431 2559 1732 2610 BUITENGEWOON CONCERT gewijd aan werken van PETER BENOIT en
433 2608 1732 2669 gegeven met de medewerking van Mevr. SoETENS-FLAMENT (zangeres)
427 2667 1732 2748 H. L. SwOLES (tenor), J. JUDELS (bas), FRANS LENAERTS (pianist) en lIpp
434 2705 725 2767 VINCK (fluitist).
434 2786 1734 2877 Niet ingenomen plaatsen mogen onder geen voorwendsel voorbehouden
261 2780 419 2850 N.B.
434 2827 584 2903 worden
1097 2861 1645 2950 F. Janssens-Anthonis. — Antwerpen.
