2056 3224
448 187 1503 325 Société Royale de Zoologie d'Anvers
238 352 1690 427 ̃ ̃ r * * * r * M * * M " * *
437 425 1508 535 Mercredi 2 Mars 1904, à 8 heures du soir
256 510 1699 715 Concert de Symphonie
325 739 1601 828 PAR L'ORCHESTRE DE LA SOCIÉTÉ
405 839 1539 909 sous la direction de M. ED daRD REURVELS
737 897 1198 982 ET AVEC LE CONCOURS DE
595 960 1339 1053 M. Edmond DEHERDT,
405 1038 1512 1116 Violon-solo de l'Orchestre et Professeur au Conservatoire
717 1100 1212 1172 Royal Flamand d’Anvers.
898 1160 1009 1260 R.
721 1261 1198 1401 programme
849 1388 1082 1457 1re PARTIE
231 1434 824 1535 1. Euryauthe (ouverture
1236 1428 1701 1534 C. M. VONWEBER
225 1523 759 1599 2. Hänsel und Gretel.
1231 1521 1610 1623 HUMPERDINCK
319 1584 1312 1655 La vision des enfants (du 2e acte du conte lyrique)
229 1643 1192 1733 3. IIe Concerto pour violon etennestre
1229 1655 1550 1753 Max BRUCH
321 1706 813 1764 A) Adagio ma non troppo;
327 1748 980 1820 B) Recitativo. — Allegro moderato ;
325 1788 643 1851 c) allegro molto.
416 1824 960 1904 M. Edmond DEHEROT.
844 1904 1071 1966 2e PARTIE
220 1960 844 2042 4. Eine Faust-Onvertüre
376 2022 603 2091 Epigraphe:
325 2060 1140 2136 Le Dieu qui habite en mon sein peut soulever
325 2124 1136 2171 les tempêtes de mon âme ; lui qui trône sur
319 2154 1133 2212 toutes mes forces, est impuissant à les mouvoir
327 2196 1133 2251 au dehors; c’est pourquoi l'existence m'est un
319 2227 1151 2287 fardeau ; c’est pourquoi la vie m'est odieuse
321 2269 710 2338 et j'invoque la mort.
1227 2274 1690 2374 RICHARD WAGNER
548 2301 1056 2387 (GOETHE.- FAUST : 1re partie)
220 2345 637 2443 5. Menuet..
220 2410 1076 2508 6. Die Meistersinger von Nürnberg
368 2485 1047 2566 Chant de concours de Walther
410 2546 953 2623 M Edmond DE HEROT.
220 2594 748 2693 7. Huldigungsmarsch
220 2713 1675 2795 Mercredi 9 Mars (en mémoire du Maître — 8 Mars 1901): CONCERT EXTRA-
376 2790 1681 2851 ORDINAIRE consacré à des oeuvres de PETER BENOIT et donné avec le
368 2833 1679 2889 concours de Mme SoETENS-FLAMENT (cantatrice), MM. L. Swolffs (ténor),
367 2864 1535 2915 J. JUDELS (basse), F. LENAERTS (pianiste) et HIPP. VINCK (flûtiste).
211 2942 1599 3022 N.-B. — On ne pourra retenir sous aucun prétexte des places non occupées.
