2056 3224
448 219 1587 311 Koninklijke Maatschappij van Dierkunde
772 296 1242 394 VAN ANTWERPEN
295 369 1732 461 + * * *'* * / * * - * * _ * *  * * r * * + * *
446 450 1587 557 Woensdag 2 Maart 1904, te 8 uren ’s avonds
286 526 1121 761 Symfonisch
1198 616 1672 741 Concer
305 761 1715 851 DOOR HET ORKEST DER MAATSCHAPPIJ
446 842 1583 933 onder de leiding van M. EDMARD REURVELS
745 918 1285 989 EN MET DE MEDKWERKING VAN
560 972 1473 1070 den Heer Edmond DECERDT,
390 1061 1630 1135 Viool-solo van het Orkest en Leeraar aan het Koninklijk Vlaamsch
707 1113 1318 1202 Conservatorium van Antwerpen.
954 1173 1065 1282 etc
768 1265 1251 1399 programma
934 1388 1101 1460 1e DEEL
284 1437 934 1531 I. Euryanthe (openingstuk)
1294 1442 1748 1531 C. M. VONWEBERG.
278 1509 801 1587 2. Hänsel und Gretel.
1287 1518 1667 1592 HUMPERDINCK
376 1556 1549 1638 Het Kindervizioen (uit her 11de bedrijf van het sprookjesspel).
278 1638 1137 1712 3. IIe Concerto voor viool en orkest
1298 1629 1609 1721 Max BRUCH
381 1688 860 1750 A) Adagio ma non troppo
381 1724 1045 1802 B) Recitativo. — Allegro moderato;
381 1771 705 1829 c) allegro molto.
470 1809 1021 1894 M. Edmond DE HEROT.
922 1862 1101 1936 2e DEEL
278 1930 884 2014 4. Eine Faust-Ouvertüre
443 1994 649 2057 Opschrift:
376 2039 1027 2109 De God, die in mijn boezem woont,
381 2091 1043 2144 Kan diep mijn binnenste bewegen;
383 2133 996 2182 Die over al mijn krachten troont,
381 2162 1036 2214 Die kan naar buiten niets bewegen
381 2209 1117 2254 Zoo is ’t dat mij het daarzijn tegenstaat
381 2236 1222 2303 De dood gewenscht is en het leven mij gehaat.
1289 2247 1750 2339 RICHARD WAGNER
649 2285 1117 2366 (GOETHE.- FAUST : 1ste deel)
277 2305 553 2399 5. Menuet
278 2393 1137 2467 6. Die Meistersinger von Nürnberg
427 2451 884 2532 Walther's Preislied
470 2502 996 2592 M. Edmond DEHERDT
282 2576 815 2659 7. Huldigungsmarsch
289 2675 1741 2747 Woensdag 9 Maart (ter nagedachtenis van den Meester — 8 Maart 1901) :
434 2735 1744 2784 BUITENGEWOON CONCERT gewijd aan werken van PETER BENOIT en
434 2775 1735 2829 gegeven met de medewerking van Mevr. SoETENS-FLAMENT (zangeres)
443 2818 1739 2879 HHH. L. SwOLES (tenor), J. JUDELS (bas), FRANS LENAERTS (pianist) en HIPP
437 2850 732 2905 VINCK (fluitist).
287 2926 1735 2993 N.-B — Niet ingenomen plaatsen mogen onder geen voorwendsel voorbehouden
445 2962 609 3044 worden.
1097 2982 1652 3067 F. Janssens-Anthonis. — Antwerpen.
