2056 3224
494 288 1545 397 Société Royale de Zoologie d'Anvers
273 456 1721 540 ̃ ̃ * * * k * * „ * * r * † * *
328 534 1684 641 Dimanche 6 Mars 1904, à 3 1/2 heures de l'après-midi
293 676 1741 866 Concert de Symphonie
366 875 1643 971 PAR L'ORCHESTRE DE LA SOCIÉTÉ
431 976 1574 1081 sous la direction de M. accavo KEURVELS
949 1067 1061 1188 R
757 1194 1237 1317 programme
886 1348 1132 1406 Iro PARTIE
266 1413 1036 1523 I. Le roi de Lahore (ouverture)
1199 1407 1538 1505 J. MASSENET
259 1520 609 1601 2. Invocation
1204 1500 1521 1599 TH. RITTER
268 1599 746 1677 3. Valse de concert
1201 1594 1511 1670 IGN. BRÜLL
266 1670 757 1755 4 Suite algérienne
1210 1666 1672 1777 CAM. SAINT-SAENS
380 1737 927 1809 A) Prélude (en vue d'Alger) ;
389 1795 846 1866 ui Rapsodie mauresque;
389 1842 931 1907 c) Rêverie du soir (à Blidah) ;
389 1889 951 1972 D) Marche militaire française.
888 1965 1118 2074 2e PARTIE
266 2059 815 2145 5. Marche inaugurale
1192 2049 1608 2166 AUG. DE BOECK
266 2126 1163 2213 6. Le Pré aux Clercs (entr'acte et air)
1197 2137 1505 2219 F. HÉROLD
388 2204 1617 2279 Solistes : MM. Edm. De Herdt ( violon) et Jos. Cootmans (clarinette).
264 2269 846 2360 7. Invitation à la danse
1197 2269 1726 2362 CARL M. VONWEBER
261 2356 777 2442 8. Rienzi (ouverture).
1197 2353 1592 2460 RICH. WAGNER
264 2534 1722 2608 Mercredi 9 Mars (en mémoire du Maître — 8 Mars 1901): CONCERT ἐXTRA
426 2606 1730 2655 ORDINAIRE consacré à des œuvres de PETER BENOIT et donné avec le
422 2653 1724 2710 concours de Mme SoETENS - FLAMENT (cantatrice), MM. L. SwolES (ténor)
426 2695 1587 2760 J. JUDELS (basse), F. LmmAERTS (pianiste) et IIIPP. VINCK (flûtiste).
266 2786 1659 2882 N.-B. — On ne pourra retenir sous aucun prétexte des places non occupées.
