2056 3224
776 486 1220 587 Treurmarsch
687 575 1282 687 (uit ” Charlotte Corday „)
381 678 1657 766 Doodklokken luiden voor de terechtstelling van Charlotte Corday
310 753 1657 820 De treurige stoet nadert uit de verte. De heldin verschijnt. Sportliederen
310 803 1664 852 en moordgeschreeuw van het woedende volk. Charlotte wil spreken, maar
319 854 1660 904 wordt telkens door ’t gehuil onderbroken. Eindelijk beheerscht zij voor
316 901 1660 964 eenige oogenblikken de volkswoede. Vizioen van ’s lands verlossing,
322 950 1664 999 vrede en grootheid. Onder eene nieuwe losbreking van smaad- en
316 996 1655 1061 wraakkreten wordt Charlotte naar de strafplaats gevoerd. Verwijderd
319 1040 768 1122 gelui van doodklokken.
952 1134 1040 1227 2
665 1264 1310 1358 Symfonisch Gedicht
748 1369 1222 1455 voor Fluit en Orkest
346 1466 1649 1537 Dit toondicht maakt deel van eene reeks werken, getiteld Vertelsel
305 1536 1657 1586 en Balladen. De derde reeks dezer werken, waarbij de vorm en de
310 1576 1657 1637 inhoud steeds breeder en ingewikkelder zijn geworden, is samengesteld
312 1622 1660 1694 uit een symfonisch gedicht voor piano-forte en Orkest (nr 6 van dit
310 1679 1043 1736 programma) en het bovengemeld werk.
346 1718 1655 1785 De onderwerpen door den Toondichter verkozen, bestaan uitlegenden,
304 1760 1657 1826 balladen, volkssagen en volksvertelsels, in een woord, uit fantastische
302 1819 1657 1876 ideeën, welke meestendeels in het volk leven, en alzoo eene soort van
310 1860 798 1925 volkspoëzie voortbrengen.
338 1914 1652 1973 In het eerste deel (a) zijn wij op den buiten ; het is nacht, duister is het
302 1964 1652 2017 op veld en dorp; er heerscht eene zekere opschudding onder het volk
300 2001 1644 2071 hetwelk, beangst en on trust, naar de dwaallichten gaat zien, die hier en
302 2060 1637 2125 daar reeds rondzwerven, weder verdwijnen, om op andere punten nog
297 2104 717 2167 maals te verschijnen.
343 2157 1657 2216 In het tweede deel (b) verhaalt het volk zijne spookvertellingen en hoe
297 2204 1649 2263 de dwaallichten ontstaan; heimvol fluistert men zich toe, dat het zielen
304 2251 1649 2308 van afgestorven zijn, die in de donkere nacht ronddolen. Naarmate het
295 2293 1117 2354 uur vordert wordt het tooneel meer somber.
334 2334 1649 2401 Derde deel (c); het is middernacht geworden en een ontelbaar getab
297 2396 1645 2455 dwaallichten komen van alle kanten op, zweven rond de kerk, op den
300 2449 1649 2504 doodenakker en rond de huizen van het dorp ; gedurende de wemeling en
295 2498 1645 2557 opflikkering dezer spooklichtjes hoort men iets spottends, een seort
297 2541 1654 2597 fantastische scherts, terwijl de lichte speeltuigen van het orkest en de
295 2584 1046 2656 fluit den dwaallichtendans afschilderen.
913 2703 1023 2816 S
