2056 3224
592 426 1258 529 Jonevrou Cathelijne
626 516 1243 611 (De weduwe van Artevelde)
266 603 1310 694 Nog bloedt de wonde, die ze sloegen in mijn hart;
269 674 1574 746 Nog daaglijks bidt mijn kroost voor ’t eeuwig heil zijns vaders;
268 733 1417 794 Nog draagt het roukkleedij, en is het bleek van smart;
268 777 1535 837 En mij wordt hulp gevraagd, — mij, hulp door zijn verraders!
423 817 1026 890 O Jacob, Jacob, mijn gemaal!
423 871 960 935 Nog zie ik u in deze zaal
423 908 1151 982 Neerstorten onder ’t moordend staal,
268 955 1394 1029 U, Ruwaert, aan een koord nog door de straten sleuren,
423 1021 1291 1081 Door ’t grauw, door tijgers u verscheuren ;
264 1065 1415 1145 En zij, zij vragen hulp, — aan mij, o mijn gemaal!.....
438 1111 1119 1179 — God, die mij weg ziet treuren,
415 1166 1209 1234 Zijt gij dan van gerechtigheid beroofd,
256 1203 1386 1266 Dat gij uw bliksemvuur niet slingert op hun hoofd?....
470 1258 1017 1321 — 0 arme, arme Kathelijne!
258 1295 1308 1373 Uw jeugd was, als de Mei, vol zangen en gebloemt;
425 1372 1354 1427 « De Schoone » werdt g’ in ’t land genoemd ;
251 1410 1261 1487 En hij, de Vroede Man, de wæreld door beroemd,
417 1446 1252 1511 Hij kwam tot mij, hij werd de mijne....
422 1498 1232 1569 Wat was hij koen, wat was hij schoon?
413 1540 1073 1616 Een Koninginne heeft een troon,
255 1587 1381 1668 Maar om den hals geen arm beschermend als de zijne!
475 1644 1273 1712 Zijt Gij dan van gerechtigheid beroofd,
259 1697 1325 1775 Dat gij uw bliksemvuur niet slingert op hun hoofd?
420 1743 590 1806 Maar....
532 1780 1308 1851 O mijn hart, gij moogt niet breken....
420 1824 1156 1905 ’k Hoor Roeland, Roeland spreken.....
418 1882 1266 1949 Het is voor Vlaanderen dat zij smeeken.....
418 1936 1226 2001 Het is om Gent, om Gent te wreken.....
316 1975 1375 2046 De vijand rukt weêr aan, o Jacob! naar uw land....
413 2028 1151 2098 Ik voel uw schimme mij omzweven:
579 2078 1059 2147 ’k Zal alles, alles geven!
258 2119 1360 2190 Hier! Hier! Juweelenschat, geschonken door zijn hand :
413 2182 1120 2241 Ons Vlaandren in geen slavenband!
457 2219 1269 2291 - Mijn zoon, gij doopkind van een Koning
253 2270 1294 2338 Draag vóór mij uit het zwaard van ’s lands gerecht,
412 2317 1088 2391 Door hem geheiligd in ’t gevecht.
245 2343 1161 2455 Mijn dochters, komt! Uit Arteveldes woning,
405 2424 910 2484 Als uit de kleinste stulp,
405 2461 1086 2540 Naar ’t Raadhuis heen met hulp!
522 2513 1080 2581 Ik zie uw vader wenken.....
409 2544 1354 2626 Kom heen, mijn kroost, kom hulpe schenken!
250 2604 1375 2670 Vergeet zijn moordenaars; hoor, hoor het torenbrons.....
248 2652 1529 2740 Kom heeft, kom heen tot hen: — zijn schimme brengt er ons!
1253 2725 1602 2813 JULIUS DEGEYTER.
885 2780 987 2873 &
