2056 3224
770 370 1420 477 Symfonisch Gedicht
831 485 1355 570 voor Klavier en Orkast
453 565 1778 646 a. Ballade. De nacht omhult het bouwvallig Forestiersslot van
419 636 1779 702 Harelbeca. De wind doet het gebladerte der boomen ritselen; de
426 695 1769 751 maan verzilvert de Leie; een bootje glijdt geheimvol op het kronke-
426 746 673 804 lende water.
458 768 1783 845 b. Bardenzang. Eene diepe stem laat zich hooren en verhaalt van
417 841 1774 899 de aloude Forestiers, hunne edele vrouwen en dichterlijke freules.
417 884 1774 952 Zij spreekt van Harelbeca’s grootheid in ’t verleden en van akelige
429 935 1086 984 voorspellingen die het bedreigen.
453 957 1776 1038 c. Fantastische Jacht. Eensklaps bedekt zich de hemel met
417 1028 1774 1084 sombere wolken. Onheilspellend weerklinkt er spotachtig hoorgeschal¬
417 1070 1774 1133 en angstwekkend paukengeroffel. Een wilde jachtstoet draaft voorbij
410 1133 1774 1181 snel als de wind; schimmen dagen op, de lucht is vervuld met zon¬
422 1170 1774 1230 derlinge geruchten. Heviger loeit de wind en rukt met woest geweld
417 1215 1773 1282 het bouwvallig kasteel van zijne grondvesten. In wilde vlucht en
419 1272 1783 1328 met woest getier dwarrelen de schimmen rond de puinen, terwijl
419 1316 1766 1381 klagende klokkentonen uit den ouden toren opstijgen, en den dage-
422 1374 1566 1450 raad de verdwijning melden van Harelbeca’s adellijk slot.
904 1625 1242 1725 De Oorlog
811 1727 1357 1827 Tooneel op het Slagveld
996 1874 1177 1949 GEMONDE
653 1964 1542 2039 Wat krast en fladdert daar rond mijn hoofd?...
643 2029 1401 2093 Aaklige raven! kunt ge niet wachten
650 2081 1250 2164 Tot mijn licht is uitgedoofd?
646 2147 1460 2215 Weg! ’k wil sterven in zoete gedachten...
643 2229 1362 2314 Vaarwel, zoet lief!... in stil geween
643 2295 1347 2373 Heb ik bij ’t afscheid u gezworen:
638 2349 1416 2431 “ Is mij daar ginds de dood beschoren:
643 2412 1365 2488 ’k Zie stervend u, en anders geen.”
641 2468 1404 2548 En thans — ik voel aan mijne lippen
643 2527 1379 2594 Den laatsten ademtocht onthlippen....
650 2590 1321 2673 Ik sterf.... en denk aan u alleen.
