2056 3224
842 456 1368 554 Marche funèbre
677 561 1544 673 (du drame lyrique « Charlotte Corday »)
554 682 1785 767 Les cloches, de leur glas funèbre, annoncent l’exécution de
432 765 1787 830 Charlotte Corday. Le jugubre cortège approche. L’héroïne apparait.
435 819 1785 877 Chansons sarcastiques et cris de mort de la foule déchaînée. Charlotte
444 872 1782 940 veut parler, mais les hurlements de la foule couvrent sa voix. Enfin,
435 935 1782 1001 pendant quelques instants, elle domine la fureur populaire. Vision de la
437 1000 1783 1068 paix et de la grandeur de la patrie délivrée. Sous une nouvelle avalanche
428 1047 1787 1125 d’outrages et de cris de 13 engeance, Charlotte est conduite vers le lieu de
432 1103 1562 1198 supplice. — Tintement dans le lointain des cloches funèbres.
770 1362 1457 1447 Poème symphonique
842 1454 1387 1556 pour Flûte et Orchestre
525 1595 1783 1666 Cette œuvre fait partie d’une série de compositions intitulées « Contes
432 1681 1787 1736 et Ballades r. La troistème série de ces compositions, dont la forme et le
428 1720 1783 1775 contenu sont allé sans cesse en s'élargissant et en se compliquant, est
430 1783 1783 1862 constituée par un Poème symphonique pour piano etennestre (n°6 du
430 1838 1479 1914 présent programme) et par l’œuvre désignée ci-dessus.
541 1897 1783 1965 Les sujets choisis par le Compositeur consistent en légendes,
423 1964 1787 2026 ballades, en tradition et contes populaires, en un mot, en des idées
423 2018 1783 2091 fantastiques, qui vivent principalement dans le peuple et produisent de la
432 2072 1124 2149 sorte une espèce de poésie populaire.
549 2139 1782 2196 Dans la première partie (a) nous sommes transportés à la cam¬
428 2191 1787 2258 pagne ; il fait nuit et l’obscurité enveloppe les champs et le village ; il
423 2244 1778 2317 règne une certaine émotion parmi le peuple qui, effrayé et inquiet, va voir
423 2305 1783 2397 les feux-follets errant ça et là et disparaissant soudain pour reparaître à
432 2361 950 2441 nouveau en d’autres points.
549 2424 1783 2487 Dans la seconde partie (3), nous entendons le peuple raconter des
423 2467 1782 2540 histoires de revenants et dire comment naissent les feux follets ; mysté¬
422 2540 1787 2601 rieusement l’on se dit à l'oreille que ce sont des âmes de trépassés, qui
428 2601 1787 2671 errent dans la nuit noire. — A mesure que l’heure avance les lieux
423 2652 746 2740 s'assombrissent.
