<?xml version="1.0" encoding="UTF-8" standalone="yes"?>
<PcGts xmlns="http://schema.primaresearch.org/PAGE/gts/pagecontent/2013-07-15" xmlns:xsi="http://www.w3.org/2001/XMLSchema-instance" xsi:schemaLocation="http://schema.primaresearch.org/PAGE/gts/pagecontent/2013-07-15 http://schema.primaresearch.org/PAGE/gts/pagecontent/2013-07-15/pagecontent.xsd">
    <Metadata>
        <Creator>prov=READ-COOP:name=TrHtr:version=2.18.1:model_id=51170:date=16_10_2024_05:35</Creator>
        <Created>2024-10-15T15:15:06.052+02:00</Created>
        <LastChange>2024-10-16T05:35:58.503+02:00</LastChange>
        <TranskribusMetadata docId="4641973" pageId="80333963" pageNr="59" tsid="193993382" status="IN_PROGRESS" userId="131016" imgUrl="https://files.transkribus.eu/Get?id=YGUFAATCRQXBNRPHIWRWARJK&amp;fileType=view" xmlUrl="https://files.transkribus.eu/Get?id=FOEMXMHUUJKNUEQWPFAATHKN" imageId="65794625"/>
    </Metadata>
    <Page imageFilename="0059_kca-srdda-cpr1904-030901108875-tx-00059.jpg" imageWidth="2056" imageHeight="3224">
        <ReadingOrder>
            <OrderedGroup id="ro_1757315592119" caption="Regions reading order">
                <RegionRefIndexed index="0" regionRef="tr_1"/>
                <RegionRefIndexed index="1" regionRef="tr_2"/>
            </OrderedGroup>
        </ReadingOrder>
        <TextRegion id="tr_1" custom="readingOrder {index:0;}">
            <Coords points="229,397 1597,397 1597,950 229,950"/>
            <TextLine id="tr_1_tl_1" custom="readingOrder {index:0;}">
                <Coords points="346,464 1556,496 1586,433 1294,436 1210,397 890,426 715,378 344,395"/>
                <Baseline points="355,447 400,447 444,447 489,450 534,450 579,450 623,453 668,456 713,456 758,456 803,456 847,456 892,456 937,456 982,459 1026,459 1071,462 1116,462 1161,462 1206,462 1250,462 1295,462 1340,465 1385,465 1429,468 1474,468 1519,468 1564,471 1591,474"/>
                <TextEquiv>
                    <Unicode>Troisième partie (c); il est minuit et un nombre incalculable de teux</Unicode>
                </TextEquiv>
            </TextLine>
            <TextLine id="tr_1_tl_2" custom="readingOrder {index:1;}">
                <Coords points="219,519 1583,556 1583,501 1532,486 217,448"/>
                <Baseline points="229,501 274,504 319,504 364,504 408,507 453,507 498,507 543,510 588,510 632,510 677,513 722,513 767,516 811,516 856,516 901,519 946,519 991,519 1035,519 1080,519 1125,522 1170,522 1214,522 1259,522 1304,525 1349,525 1394,525 1438,525 1483,525 1528,528 1573,528 1588,531"/>
                <TextEquiv>
                    <Unicode>follets surgissent de toutes parts, errent autour de l’église, sur le cimetière</Unicode>
                </TextEquiv>
            </TextLine>
            <TextLine id="tr_1_tl_3" custom="readingOrder {index:2;}">
                <Coords points="226,563 1590,604 1590,556 1528,536 226,537"/>
                <Baseline points="235,561 280,561 325,561 370,564 414,564 459,564 504,567 549,567 594,570 638,570 683,570 728,573 773,573 817,573 862,576 907,576 952,576 997,576 1041,579 1086,579 1131,579 1176,582 1220,582 1265,582 1310,582 1355,585 1400,585 1444,585 1489,588 1534,588 1579,585 1594,585"/>
                <TextEquiv>
                    <Unicode>et autour des maisons du village ; pendant que ces lumières légères</Unicode>
                </TextEquiv>
            </TextLine>
            <TextLine id="tr_1_tl_4" custom="readingOrder {index:3;}">
                <Coords points="221,630 1588,662 1545,594 219,572"/>
                <Baseline points="229,617 274,617 319,620 364,620 408,623 453,623 498,623 543,626 588,626 632,626 677,629 722,629 767,629 811,632 856,632 901,632 946,635 991,635 1035,635 1080,635 1125,635 1170,635 1214,638 1259,641 1304,641 1349,641 1394,644 1438,644 1483,644 1528,644 1573,644 1591,647"/>
                <TextEquiv>
                    <Unicode>fourmillent et s’enflamment, l’on entend comme un rire moqueur et</Unicode>
                </TextEquiv>
            </TextLine>
            <TextLine id="tr_1_tl_5" custom="readingOrder {index:4;}">
                <Coords points="219,679 1593,719 1549,655 219,640"/>
                <Baseline points="229,677 274,677 319,677 364,680 408,680 453,683 498,683 543,683 588,686 632,686 677,686 722,689 767,689 811,692 856,692 901,692 946,692 991,692 1035,695 1080,695 1125,695 1170,698 1214,698 1259,698 1304,701 1349,701 1394,701 1438,704 1483,704 1528,704 1573,704 1597,704"/>
                <TextEquiv>
                    <Unicode>fantastique qu'accompagne la danse des feux follets dépeinte par les</Unicode>
                </TextEquiv>
            </TextLine>
            <TextLine id="tr_1_tl_6" custom="readingOrder {index:5;}">
                <Coords points="219,734 419,787 678,751 885,789 970,760 1082,785 1189,763 1169,703 1117,727 1032,700 219,700"/>
                <Baseline points="229,734 274,737 319,737 364,737 408,740 453,740 498,743 543,743 588,743 632,746 677,746 722,746 767,749 811,749 856,749 901,752 946,752 991,752 1035,755 1080,755 1125,755 1170,758 1194,758"/>
                <TextEquiv>
                    <Unicode>instruments légers de l’orchestre et par la flûte solo.</Unicode>
                </TextEquiv>
            </TextLine>
            <TextLine id="tr_1_tl_7" custom="readingOrder {index:6;}">
                <Coords points="967,931 981,927 999,939 1005,934 1022,938 1028,929 1039,934 1049,933 1042,881 1018,883 1011,880 1005,885 1001,883 986,900 982,897 977,897 974,902 963,900"/>
                <Baseline points="976,931 1020,934 1053,940"/>
                <TextEquiv>
                    <Unicode>e</Unicode>
                </TextEquiv>
            </TextLine>
        </TextRegion>
        <TextRegion id="tr_2" custom="readingOrder {index:1;}">
            <Coords points="847,2376 973,2376 973,2448 847,2448"/>
            <TextLine id="tr_2_tl_1" custom="readingOrder {index:0;}">
                <Coords points="835,2444 864,2454 885,2473 893,2466 902,2468 934,2442 948,2440 951,2445 969,2437 974,2344 933,2336 917,2341 905,2338 898,2344 893,2339 873,2343 844,2338"/>
                <Baseline points="847,2438 883,2435 928,2435 973,2426"/>
                <TextEquiv>
                    <Unicode>S</Unicode>
                </TextEquiv>
            </TextLine>
        </TextRegion>
    </Page>
</PcGts>
