2056 3224
1638 614 1723 682 M.I.
1640 673 1721 757 gsty
1610 757 1723 857 Anou
1612 838 1717 919 f sau
1599 900 1723 977 du Septembre.
299 939 691 1020 G.C.R.H.F.S.
1591 956 1708 1041 ousro-
1435 966 1580 1035 est avec
374 962 1595 1082 Dans la première partie nous avons jusqu'au mois que
1024 1067 1713 1133 A.M.e.jndod aisěod op aěědse ann. a.ri.at.
222 1052 312 1165 O
357 1112 1719 1197 fantaisat, qui vut prétépiaekent dans le pecup!e proròsinlut pé¬
351 1187 1708 1242 halliades, en krädthons et comtes populaires, en un mot, un dess i
366 1238 1604 1304 J’es sujeits éloisis par le Comisopitérieur. comisietent. Il m'égneppess.
676 1296 1712 1370 præsément précédent priséemment. (et président au même
353 1355 1708 1420 Γῦ οἱ  ο� οη οх ο пч ο οз θη пῷ  γἰ ο� γ γ гῶх
351 1420 1706 1473 töystä. — —
351 1469 1708 1535 et marades? La troisibme sérile de ces coopositons, da forme et le
348 1522 1608 1603 Jette eeuvre larti partie d'une série de comstitions intitulées u » Coortes
752 1655 1300 1727 pour Ficte et Orchentserte
676 1747 1366 1837 aubiuonduks amsod
975 1886 1067 1980 C.O.
571 2005 1698 2110 suppilie. — Tintement dans le lointatain des éloeches furderes.
333 2078 1698 2157 omtugages et et de des ves eeece, Charlotte est coongnite le 1e dernier.
338 2147 1698 2211 paix et de la grandeur de la patrie patervéée. Sous une nouvelleveraie
227 2204 1738 2296 y ou jusdacu, mais, elle doit, qu'on près, précédera. Y ou nous
586 2253 800 2303 G.H.F.P
