2056 3224
490 250 1542 377 Société Royale de Zoologie d'Anvers
282 355 1720 470 3.3. außersehen wurde.
324 470 1684 561 Dimanche 13 Mars 1904, à 3½ heures de l'après-midi
288 527 1739 767 Concert de Symphonie
1473 780 1589 840 ET
363 769 1640 889 PAR L'ORCHESTRE DE LA SOCIETE
434 862 1571 970 sous la direction de M. EDWERD REURVELS
942 959 1050 1063 R
751 1055 1232 1196 programme
880 1203 1114 1292 1re PARTIE
261 1254 742 1352 I. Marche nuptiale
1084 1268 1422 1352 EUG. HUTOY
261 1332 789 1418 2. Polonaise héroïque
1084 1336 1730 1418 H. BALTHASAR-FLORANCE
259 1394 990 1476 3. Jeux d'enfants (suite d’orchestre)
1084 1407 1478 1489 GEORGEI BιZET
339 1456 1458 1529 A) Marche Tambour et Trompette); B) Berceuse (la Poupée) ;
343 1516 1491 1586 c) Impromptu (la Toupie) ; n) duo (Petit Mari, Petite Femme,
343 1549 651 1613 E) Galop (le Bal)
261 1591 926 1700 4. Phèdre (ouverture dramatique)
1083 1595 1412 1686 J. MASSENET
891 1680 1108 1750 2e PARTIE
255 1748 873 1835 3. Ouverture dramatique
1088 1764 1341 1853 A. DEPPE
414 1822 864 1901 (Chant du guerrier)
339 1874 851 1932 Appel et marche au combat.
888 1859 1097 1943 Sentiments
339 1923 1205 1981 qui assiègent le cœur du guerrier : Dieu (prière),
334 1972 1165 2032 Devoir, Amour. — Mélée — Chant de victoire.
261 2005 596 2100 6. Mazurka
1088 2018 1451 2098 FRED. CHOPIM
330 2081 924 2152 Phaéton (poème symphonique).
1092 2085 1485 2161 C. SAINT-SAENS
377 2143 1607 2202 Phaéton a obtenu de conduire dans le Ciel le char du Soleil, son père.
343 2183 1604 2242 Mais ses mains inhabiles égarent les coursiers. Le char fllamboyant,
344 2222 1609 2273 jeté hors de sa route, s'approche des régions terrestres. Tout l'univers
341 2271 1607 2346 va périr embrasé, lorsque Jupiter frappe de sa foudre l’imprudent
332 2291 514 2355 Phaéton
259 2333 789 2446 8. Carnaval in Paris.
1075 2329 1467 2437 JOH. SVENDSEN
255 2493 1708 2570 Le concert duMERCREDI 16 crt., est remis au lendemain,
414 2562 1702 2623 JEUDI 17 MARS et sera donné par la KWARTET
419 2619 1720 2697 KAPEL d’Anvers, avec le concours de M. Laurent
416 2670 837 2754 SwolF5, Ténor.
250 2739 1711 2829 Mercredi 23: Concert avec le concours de Mlle Elvice MICHIELS, Piani-te
250 2858 1644 2945 N.-B. — On ne pourra retenir sous aucun prétexte des places non occupées.
