2056 3224
416 228 1547 345 Koninklijke Maatschappij van Dierkunde
745 331 1213 431 VAN ANTWERPEN
258 405 1717 510 ̃ ̃̃ t * * * r * * M * * - * * + * *
336 478 1631 570 Zondag 13 Maart 1904, te 3 ½ uren ’s namiddags
245 643 1711 802 Dymonsen concert
265 783 1684 917 DOOR HET ORKEST DER MAATSCHAPPIJ
409 880 1550 984 onder de leiding van M. EDMARD REURVLS
911 953 1028 1072 &C
734 1054 1218 1189 programma
893 1169 1068 1266 1° DEEL
248 1231 716 1331 1. Bruiloftsmarsch
1070 1236 1399 1335 EUG. HUTοY
243 1309 771 1397 2. Polonaise héroïque
1070 1304 1708 1414 H. BALTHASAR-FLORANCE
252 1382 948 1463 3. Kinderspelen (orkestsuite)
1070 1379 1463 1466 GEORGES BιZET
321 1450 1320 1508 A) Marsch (Trompet en Trom) ; B) Wiegelied (de Pop)
332 1485 1430 1552 c) Impromptu (de Tol) ; n) Tweezang (Mannetje, Vrouwtje) ;
323 1525 789 1600 E) Galop (het Dansfeest).
256 1574 979 1686 4. Phædra (dramatisch openingstuk).
1061 1560 1399 1673 J. MASSENET
888 1642 1065 1744 2° DEEL
250 1697 926 1808 5. Dramatisch openingstuk
1067 1697 1335 1823 A. DEPPE
398 1782 992 1861 (Zang van den krijgsman)
331 1839 1028 1897 Oproeping en optocht naar het slagveld.
1057 1843 1256 1899 - Gevoelens
329 1877 1320 1950 die het hart van den krijgsman bestormen: God (gebed),
321 1930 1039 2003 Plicht, Liefde.—Gevecht — Zegezang.
248 1983 590 2062 6. Mazurka
1070 1972 1443 2056 FRED. CHOPIN
252 2033 911 2118 7. Phaëton (symfonisch gedicht).
1074 2040 1476 2124 C. SAINT-SAENS
367 2100 1591 2164 Phaëton heeft verkregen den wagen van den Zonnegod, zijn vader.
332 2148 1592 2199 door den Hemel te voeren. D-or zijne onbehendigheid verdwalen de
336 2186 1609 2235 paarden. De vlammenwagen, uit zijne baan geworpen, nadert dß
331 2230 1589 2274 sfeeren der Aarde. Het beelal dreigt iu den brand te vergaan, wanneer
332 2268 1293 2325 Jupiter den onvoorzichtigen Paëthon nederbliksemt.
316 2307 782 2396 Carnaval in Paris
1065 2305 1456 2418 JOH. SVENDSEN
232 2444 1684 2573 Het concert van WOENSDAG 16 dez. is verschoven op
402 2528 1687 2599 s anderendaags, DONDERDAG 17 MAART, en zal
394 2590 1684 2644 gegeven worden door de KWARTET-KAPEL van
387 2633 1691 2699 Antwerpen, met de medewerking van den Heer Laurens
391 2690 811 2754 swolffs, Tenor.
252 2717 1706 2827 Woensdag 23 : Concert met de medewarking van Mej. Elvira MICHIELS,
407 2781 588 2836 Pianiste.
247 2807 1708 2917 N.-B — Niet ingenomen plaatsen mogen onder geen voorwendsel voorbehouden
409 2893 568 2966 worden.
1061 2906 1622 3006 F. Janssens-Anthonis. — Antwerpen.
