2056 3224
444 294 1792 372 Alors qu'ondule au loin le seigle en nappe blinde.
536 409 948 469 Poésie de Leamontow
1379 388 1799 483 N. Rtwsky-Konsakow.
440 452 1046 535 (version française de J. Sergennois.)
533 511 1548 588 Alors qu’ondule au loin le seigle en nappe blinde
531 580 1488 634 Et que le bois frémit au bruit d’un vent léger,
531 627 1458 676 Et que se cache aux yeux la prune déjà ronde
531 666 1656 736 Dans l’ombre qu’elle emprunte aux feuilles du verger;
531 721 1303 790 Quand la rosée ayant semé ses larmes,
531 765 1614 831 Aux soirs d’un clair printemps, ou dès l’éveil du jour,
530 814 1384 878 Sous les buissons de hêtres et de charmes,
525 866 1390 926 Le blanc muguet parait Trembler d’amour ;
525 911 1397 963 Et quand la fraîche source animé la ravine
528 958 1431 1017 Et que, l’esprit hanté d’un rêve obscur encor,
528 1010 1283 1061 Je me récite un conte où se devinent
525 1056 1384 1116 La paix des champs et leur premier essor :
525 1108 1429 1163 Alors la crainte en moi s’apaise d’elle-même,
528 1147 1538 1212 Mon front dressé s'éclaire et n'a plus un seul pli
520 1192 1565 1261 Je vois du vrai bonheur les vœux presque accomplis,
526 1247 1195 1323 Et dans les cieux l’Etre suprême.
730 1392 1486 1490 Sérénade de Don Juan.
578 1469 940 1542 Poésie de TOLSTOï.
1449 1483 1784 1559 P. Tsquaikowsky.
429 1516 1108 1599 (Version française de N. de Bernardaky).
694 1580 1281 1663 Tout sommeille dans Grenade,
698 1646 1246 1700 Viens! parais à ton balcon.
689 1683 1101 1733 Ecoute ma sérénade,
699 1710 1258 1789 Viens entendre ma chanson!
694 1777 1210 1846 Qui donc ose de ma belle
686 1843 1185 1890 Nier charmes et talents?
698 1873 1192 1928 Au combat je les appelle,
684 1912 1256 1991 Tous, chevaliers et manants.
797 1979 1184 2044 Et l'aube naissante
802 2024 1187 2080 Luit au firmament.
797 2071 1269 2125 Je pleure et je chante!
802 2110 1315 2169 Ah! viens ma charmante,
834 2152 1157 2209 Ecoute l'amant!
683 2211 1205 2278 De Cadix jusqu’à Granade,
683 2261 1266 2325 Pour quêter les doux regards,
678 2298 1174 2354 Entends-tu les sérénades
688 2335 1234 2418 Vois-tu luire les poignards?
683 2391 1328 2475 Que de chants, que de querelles,
681 2458 1258 2513 Chaque soir sous les balcons,
678 2495 1249 2550 Mais à toi, loi, la plus belle,
674 2537 1449 2608 A toi tout, mon sang et mes chansons.
787 2594 1165 2665 Et l’aube naissante
787 2648 1165 2708 Luit au firmament
789 2683 1261 2756 Je pleure et je chante
794 2725 1281 2793 Ah! viens ma charmante
822 2766 1153 2838 Ecoute l'amant!
