2056 3224
875 291 1049 362 Lied.
283 367 735 449 Poésie de Lucien Patrè.
1352 372 1642 457 CÉSAR FRANCK,
606 452 1317 512 Pour moi sa main cueillait des rose
761 506 1033 560 A ce buisson,
599 539 1317 608 Comme elle encore à peine écloses,
768 583 1048 635 Chère moisson
600 608 1192 686 Lagerbe, hélas! en est fanée
762 659 1126 713 Comme elle aussi ;
600 693 1165 764 La moissonneuse moissonnée
765 739 980 791 Repose ici.
597 770 1305 842 Mais sur la tombe qui vous couvre,
765 812 1060 867 mes amours!
599 844 1221 912 Une églentine, qui s’entr’ouvre,
756 893 1067 951 Sourit toujours.
594 921 1281 995 Et sous le buisson qui surp'ombe,
765 971 1094 1025 Quand je reviens,
598 996 1239 1060 Une voix me dit sous la tombe :
755 1048 1150 1112 « Je me souviens. »
693 1185 1198 1266 Het Kerelskind.
263 1275 589 1342 ALB. RODENBACH
851 1273 1055 1345 (Ballade)
1194 1276 1627 1357 LOD WLlik MORTELMANS.
217 1359 796 1429 Van waar koms du getreden,
1021 1363 1633 1438 Du smidje, ’t zijn de scherven
212 1409 777 1462 Zoo laat door rein en wind,
980 1411 1487 1470 Van vaders goede zweerd:
223 1448 798 1505 Van waar koms du getreden,
971 1444 1508 1510 Du zals het mi hersmeden,
220 1484 696 1554 Alleen, du blonde kind?
971 1491 1501 1552 Het is t hersmeden weerd.
221 1539 792 1614 — Du smidje van den woude,
1029 1543 1563 1603 ’k Hersmede het di sterker
221 1578 655 1627 Ik kome van het veld
970 1590 1568 1648 Dan ’t vaders hand ooit zwong.
218 1620 775 1672 Waar vader heeft gestreden,
970 1629 1622 1692 Maar, waartoe wilt 't di dienen?
218 1663 688 1730 Waar vader ligt geveld.
965 1662 1442 1737 Du bist zoo bitter jong.
221 1707 870 1773 — Lo! viel hij, ’t was met eere,
1026 1721 1556 1780 Du smidje van den woude.
220 1754 678 1803 Dijn vader wel bemind.
971 1759 1566 1816 Bij Lo! du ne best nie, vroed :
218 1792 858 1852 Wat bergt dijn blauwe schabbe,
968 1798 1514 1855 Mijn vader wille ik wreken
215 1834 664 1903 Du arrem heldenkind?
968 1843 1478 1908 Met stroomen walenbloed.
595 2011 1284 2087 Sérénade d'Automne.
257 2105 781 2168 Poésie D'ANDRÉ ALEXANDRE
1203 2106 1618 2179 LOUIS IELAQUERRIÈRE.
148 2089 231 2192 O
582 2185 1172 2250 Les lys ont perdu le sommeil,
583 2237 1177 2292 Le soir n'a plus de méladies,
589 2276 1172 2332 Vers la clarté, vers le soleil,
583 2307 1132 2369 Les hirondelles sont parties.
589 2349 1215 2403 Comme aux défuntes nuits d'été,
576 2390 1151 2447 Je reviens devant ta fenêtre,
589 2429 1133 2482 Un espoir béni m'est resté :
582 2463 1192 2513 Ton cœur s'adoucira paut-être!
577 2502 1239 2561 La source, où tu mirais tes yeux,
577 2550 1192 2600 Murmure à peine sur la grève,
579 2584 1162 2630 L’étoile, cette fleur des cieux,
580 2621 1159 2665 Ne sourira plus à mon rêve!
580 2662 1169 2718 Avant que tout meure ici-bas,
580 2697 1096 2751 Le lys et la rose suprême,
574 2734 1216 2788 Je veux t'ouvrir encor mes bras,
571 2774 1286 2845 Je veux te dire encor : « Je t'aime! »
