<?xml version="1.0" encoding="UTF-8" standalone="yes"?>
<PcGts xmlns="http://schema.primaresearch.org/PAGE/gts/pagecontent/2013-07-15" xmlns:xsi="http://www.w3.org/2001/XMLSchema-instance" xsi:schemaLocation="http://schema.primaresearch.org/PAGE/gts/pagecontent/2013-07-15 http://schema.primaresearch.org/PAGE/gts/pagecontent/2013-07-15/pagecontent.xsd">
    <Metadata>
        <Creator>prov=READ-COOP:name=TrHtr:version=2.18.1:model_id=51170:date=16_10_2024_05:35</Creator>
        <Created>2024-10-15T15:15:06.935+02:00</Created>
        <LastChange>2024-10-16T05:36:00.064+02:00</LastChange>
        <TranskribusMetadata docId="4641973" pageId="80333883" pageNr="67" tsid="193993390" status="IN_PROGRESS" userId="131016" imgUrl="https://files.transkribus.eu/Get?id=HEGREMWWRJUWOQTHWVNFAGGS&amp;fileType=view" xmlUrl="https://files.transkribus.eu/Get?id=UJDYCPEKJWQIPQCCGMJAYQHS" imageId="65794572"/>
    </Metadata>
    <Page imageFilename="0067_kca-srdda-cpr1904-030901108875-tx-00067.jpg" imageWidth="2056" imageHeight="3224">
        <ReadingOrder>
            <OrderedGroup id="ro_1757315594656" caption="Regions reading order">
                <RegionRefIndexed index="0" regionRef="tr_3"/>
                <RegionRefIndexed index="1" regionRef="tr_2"/>
                <RegionRefIndexed index="2" regionRef="tr_1"/>
            </OrderedGroup>
        </ReadingOrder>
        <TextRegion id="tr_3" custom="readingOrder {index:0;}">
            <Coords points="307,182 1770,182 1770,854 307,854"/>
            <TextLine id="tr_3_tl_1" custom="readingOrder {index:0;}">
                <Coords points="512,252 884,253 942,282 1055,250 1217,279 1443,244 1504,272 1562,261 1562,162 1296,199 1176,169 512,190"/>
                <Baseline points="522,244 537,241 582,244 626,244 671,244 716,244 761,244 806,244 850,241 895,241 940,241 985,241 1029,241 1074,241 1119,241 1164,238 1209,238 1253,238 1298,238 1343,238 1388,235 1432,235 1477,232 1522,235 1567,235"/>
                <TextEquiv>
                    <Unicode>Société Royale de Zoologie d’Anvers</Unicode>
                </TextEquiv>
            </TextLine>
            <TextLine id="tr_3_tl_2" custom="readingOrder {index:1;}">
                <Coords points="297,375 1580,383 1757,366 1759,308 977,281 395,321 299,281"/>
                <Baseline points="307,364 328,364 373,364 417,364 462,364 507,364 552,364 597,361 641,361 686,361 731,361 776,361 820,361 865,361 910,361 955,361 1000,358 1044,358 1089,358 1134,358 1179,358 1223,355 1268,358 1313,358 1358,358 1403,358 1447,358 1492,355 1537,355 1582,355 1626,352 1671,352 1716,352 1761,352"/>
                <TextEquiv>
                    <Unicode>1 „ 3 „ „ 50 „ — „ 13 50 8, 4, 6,</Unicode>
                </TextEquiv>
            </TextLine>
            <TextLine id="tr_3_tl_3" custom="readingOrder {index:2;}">
                <Coords points="352,474 1276,437 1484,470 1717,443 1719,383 352,401"/>
                <Baseline points="361,438 376,438 420,438 465,438 510,438 555,438 600,438 644,435 689,435 734,435 779,438 823,438 868,435 913,435 958,435 1003,435 1047,435 1092,435 1137,435 1182,435 1226,432 1271,432 1316,432 1361,432 1406,432 1450,432 1495,432 1540,429 1585,429 1629,429 1674,429 1719,429"/>
                <TextEquiv>
                    <Unicode>Dimanche 20 Mars 1904, à 3 1/2 heures de l'après-midi</Unicode>
                </TextEquiv>
            </TextLine>
            <TextLine id="tr_3_tl_4" custom="readingOrder {index:3;}">
                <Coords points="324,647 1755,667 1768,514 1538,505 1462,452 1210,518 1079,465 993,516 909,454 703,525 326,476"/>
                <Baseline points="334,632 337,629 382,632 426,632 471,632 516,632 561,632 605,632 650,632 695,632 740,632 785,629 829,632 874,632 919,632 964,632 1008,632 1053,629 1098,629 1143,635 1188,629 1232,629 1277,632 1322,632 1367,629 1411,629 1456,629 1501,626 1546,626 1591,629 1635,626 1680,626 1725,623 1770,629"/>
                <TextEquiv>
                    <Unicode>Concert de Symphonie</Unicode>
                </TextEquiv>
            </TextLine>
            <TextLine id="tr_3_tl_5" custom="readingOrder {index:4;}">
                <Coords points="397,760 507,796 576,764 769,796 1234,760 1673,782 1673,700 1640,691 397,716"/>
                <Baseline points="408,761 423,761 468,761 513,761 558,761 603,761 647,761 692,761 737,761 782,761 826,761 871,758 916,758 961,758 1006,758 1050,758 1095,758 1140,755 1185,758 1229,758 1274,755 1319,758 1364,758 1409,755 1453,755 1498,758 1543,755 1588,758 1632,755 1677,755"/>
                <TextEquiv>
                    <Unicode>PAR L'ORCHESTRE DE LA SOCIÉTÉ</Unicode>
                </TextEquiv>
            </TextLine>
            <TextLine id="tr_3_tl_6" custom="readingOrder {index:5;}">
                <Coords points="461,875 1514,864 1602,847 1602,793 461,807"/>
                <Baseline points="471,844 486,844 531,844 576,844 620,844 665,844 710,844 755,841 800,844 844,844 889,844 934,841 979,841 1023,841 1068,841 1113,841 1158,841 1203,841 1247,841 1292,841 1337,838 1382,838 1426,838 1471,838 1516,838 1561,838 1606,841"/>
                <TextEquiv>
                    <Unicode>sous la direction de M. EDMARD REURVELS</Unicode>
                </TextEquiv>
            </TextLine>
        </TextRegion>
        <TextRegion id="tr_2" custom="readingOrder {index:1;}">
            <Coords points="307,896 1782,896 1782,2272 307,2272"/>
            <TextLine id="tr_2_tl_1" custom="readingOrder {index:0;}">
                <Coords points="971,968 1001,977 1017,964 1028,962 1059,975 1072,964 1094,971 1095,880 1077,875 1037,880 1017,873 973,878"/>
                <Baseline points="982,946 1026,949 1071,946 1098,946"/>
                <TextEquiv>
                    <Unicode>&amp;C</Unicode>
                </TextEquiv>
            </TextLine>
            <TextLine id="tr_2_tl_2" custom="readingOrder {index:1;}">
                <Coords points="796,1072 902,1103 929,1088 991,1099 1041,1073 1110,1075 1150,1104 1185,1084 1227,1103 1268,1077 1268,1010 1176,1019 1115,993 1094,1008 986,984 920,1013 858,979 796,984"/>
                <Baseline points="806,1068 850,1065 895,1062 940,1062 985,1065 1029,1065 1074,1065 1119,1065 1164,1062 1209,1065 1253,1065 1271,1068"/>
                <TextEquiv>
                    <Unicode>programme</Unicode>
                </TextEquiv>
            </TextLine>
            <TextLine id="tr_2_tl_3" custom="readingOrder {index:2;}">
                <Coords points="924,1170 940,1176 979,1157 1006,1168 1028,1159 1104,1177 1114,1170 1154,1174 1154,1115 1115,1121 1103,1115 1064,1126 1048,1117 1011,1130 984,1126 973,1132 951,1124 942,1132 924,1130"/>
                <Baseline points="934,1158 979,1155 1023,1155 1068,1158 1113,1158 1158,1158"/>
                <TextEquiv>
                    <Unicode>Iro PARTIE</Unicode>
                </TextEquiv>
            </TextLine>
            <TextLine id="tr_2_tl_4" custom="readingOrder {index:3;}">
                <Coords points="1289,1261 1316,1254 1367,1268 1409,1252 1648,1261 1675,1256 1675,1194 1589,1210 1564,1186 1524,1179 1476,1199 1451,1188 1400,1214 1343,1190 1289,1196"/>
                <Baseline points="1298,1241 1343,1241 1388,1244 1432,1241 1477,1244 1522,1241 1567,1241 1612,1241 1656,1241 1680,1244"/>
                <TextEquiv>
                    <Unicode>FERD. HÉROLD</Unicode>
                </TextEquiv>
            </TextLine>
            <TextLine id="tr_2_tl_5" custom="readingOrder {index:4;}">
                <Coords points="303,1250 381,1283 443,1259 490,1281 552,1256 589,1274 716,1261 787,1278 811,1267 811,1201 751,1219 707,1199 638,1219 363,1203 303,1234"/>
                <Baseline points="313,1250 358,1250 403,1250 447,1247 492,1247 537,1247 582,1247 626,1247 671,1247 716,1247 761,1247 806,1250 814,1250"/>
                <TextEquiv>
                    <Unicode>I. Zampa (ouverture)</Unicode>
                </TextEquiv>
            </TextLine>
            <TextLine id="tr_2_tl_6" custom="readingOrder {index:5;}">
                <Coords points="1289,1323 1345,1329 1380,1318 1412,1336 1582,1312 1613,1327 1693,1321 1693,1270 1567,1267 1556,1278 1460,1258 1418,1272 1392,1254 1363,1270 1349,1261 1289,1270"/>
                <Baseline points="1298,1307 1343,1310 1388,1310 1432,1310 1477,1310 1522,1310 1567,1310 1612,1310 1656,1310 1698,1310"/>
                <TextEquiv>
                    <Unicode>M. Moszkowski</Unicode>
                </TextEquiv>
            </TextLine>
            <TextLine id="tr_2_tl_7" custom="readingOrder {index:6;}">
                <Coords points="304,1334 833,1323 833,1270 306,1281"/>
                <Baseline points="316,1319 346,1319 391,1316 435,1316 480,1316 525,1316 570,1316 614,1313 659,1313 704,1313 749,1313 794,1310 838,1313"/>
                <TextEquiv>
                    <Unicode>2. Danses espagnoles</Unicode>
                </TextEquiv>
            </TextLine>
            <TextLine id="tr_2_tl_8" custom="readingOrder {index:7;}">
                <Coords points="297,1398 621,1387 742,1416 780,1391 1234,1391 1208,1332 297,1340"/>
                <Baseline points="307,1385 343,1385 388,1385 432,1382 477,1382 522,1382 567,1382 611,1379 656,1379 701,1379 746,1379 791,1379 835,1379 880,1379 925,1376 970,1376 1014,1376 1059,1376 1104,1376 1149,1376 1194,1376 1238,1373"/>
                <TextEquiv>
                    <Unicode>3. Fantaisie sur des airs populaires espagnoles</Unicode>
                </TextEquiv>
            </TextLine>
            <TextLine id="tr_2_tl_9" custom="readingOrder {index:8;}">
                <Coords points="1289,1394 1316,1402 1340,1381 1409,1402 1442,1383 1462,1396 1500,1383 1549,1400 1587,1389 1602,1402 1629,1387 1653,1398 1697,1392 1697,1343 1604,1334 1582,1347 1564,1334 1540,1347 1476,1323 1412,1336 1398,1325 1363,1343 1321,1323 1289,1343"/>
                <Baseline points="1298,1376 1343,1379 1388,1379 1432,1379 1477,1379 1522,1379 1567,1376 1612,1379 1656,1376 1701,1382"/>
                <TextEquiv>
                    <Unicode>FR. A. Gassenr</Unicode>
                </TextEquiv>
            </TextLine>
            <TextLine id="tr_2_tl_10" custom="readingOrder {index:9;}">
                <Coords points="1298,1469 1431,1445 1456,1467 1473,1454 1520,1469 1536,1454 1562,1467 1624,1453 1675,1484 1737,1467 1770,1482 1770,1394 1711,1411 1649,1396 1611,1411 1587,1391 1516,1405 1494,1392 1298,1398"/>
                <Baseline points="1307,1444 1352,1444 1397,1444 1441,1444 1486,1444 1531,1444 1576,1444 1620,1444 1665,1444 1710,1444 1755,1444 1773,1447"/>
                <TextEquiv>
                    <Unicode>LOD. MORTELMANS</Unicode>
                </TextEquiv>
            </TextLine>
            <TextLine id="tr_2_tl_11" custom="readingOrder {index:10;}">
                <Coords points="301,1473 377,1489 395,1471 485,1476 543,1462 583,1476 663,1462 687,1480 724,1456 747,1463 749,1418 631,1396 590,1416 539,1405 512,1420 416,1405 375,1429 346,1416 301,1440"/>
                <Baseline points="310,1453 349,1456 394,1450 438,1450 483,1450 528,1450 573,1450 617,1447 662,1444 707,1444 752,1450"/>
                <TextEquiv>
                    <Unicode>4. joyeux cortège</Unicode>
                </TextEquiv>
            </TextLine>
            <TextLine id="tr_2_tl_12" custom="readingOrder {index:11;}">
                <Coords points="924,1547 946,1547 968,1566 982,1560 1026,1566 1055,1545 1077,1542 1101,1553 1121,1544 1139,1556 1159,1555 1159,1487 1146,1491 1123,1480 1114,1489 1099,1482 1084,1487 1042,1471 1028,1484 993,1465 953,1480 939,1494 924,1494"/>
                <Baseline points="934,1525 979,1525 1023,1525 1068,1525 1113,1525 1158,1525 1161,1525"/>
                <TextEquiv>
                    <Unicode>2° PARTIE</Unicode>
                </TextEquiv>
            </TextLine>
            <TextLine id="tr_2_tl_13" custom="readingOrder {index:12;}">
                <Coords points="303,1618 481,1638 583,1618 990,1629 990,1571 878,1547 807,1582 696,1549 629,1578 461,1558 303,1584"/>
                <Baseline points="313,1614 322,1614 367,1614 411,1612 456,1612 501,1612 546,1612 591,1609 635,1609 680,1612 725,1609 770,1609 814,1609 859,1606 904,1606 949,1609 994,1609"/>
                <TextEquiv>
                    <Unicode>5. Maximilien Robespierre</Unicode>
                </TextEquiv>
            </TextLine>
            <TextLine id="tr_2_tl_14" custom="readingOrder {index:13;}">
                <Coords points="1290,1617 1330,1631 1376,1618 1402,1635 1442,1622 1463,1638 1494,1620 1518,1627 1536,1617 1589,1640 1589,1566 1544,1573 1496,1553 1460,1566 1427,1544 1411,1556 1369,1545 1334,1562 1290,1556"/>
                <Baseline points="1301,1609 1346,1609 1391,1606 1435,1609 1480,1609 1525,1609 1570,1609 1594,1609"/>
                <TextEquiv>
                    <Unicode>H. LITOLFF</Unicode>
                </TextEquiv>
            </TextLine>
            <TextLine id="tr_2_tl_15" custom="readingOrder {index:14;}">
                <Coords points="501,1688 618,1702 827,1680 959,1699 1010,1679 1055,1699 1057,1620 1015,1635 869,1620 662,1642 585,1627 565,1646 503,1631"/>
                <Baseline points="513,1671 558,1671 603,1668 647,1668 692,1668 737,1668 782,1668 826,1668 871,1668 916,1668 961,1668 1006,1668 1050,1671 1059,1674"/>
                <TextEquiv>
                    <Unicode>(ouverture dramatique)</Unicode>
                </TextEquiv>
            </TextLine>
            <TextLine id="tr_2_tl_16" custom="readingOrder {index:15;}">
                <Coords points="1290,1755 1391,1740 1462,1773 1555,1740 1567,1750 1660,1739 1691,1755 1693,1682 1649,1700 1540,1700 1460,1669 1440,1688 1400,1679 1341,1700 1319,1686 1292,1702"/>
                <Baseline points="1301,1740 1337,1734 1382,1734 1426,1734 1471,1731 1516,1731 1561,1731 1606,1731 1650,1734 1695,1734"/>
                <TextEquiv>
                    <Unicode>JOH. SVENDSEN</Unicode>
                </TextEquiv>
            </TextLine>
            <TextLine id="tr_2_tl_17" custom="readingOrder {index:16;}">
                <Coords points="303,1759 600,1742 720,1762 764,1744 860,1753 860,1688 820,1679 731,1710 671,1684 618,1700 474,1682 434,1708 372,1711 303,1689"/>
                <Baseline points="313,1737 358,1740 403,1737 447,1737 492,1737 537,1737 582,1737 626,1737 671,1737 716,1737 761,1737 806,1737 850,1737 865,1740"/>
                <TextEquiv>
                    <Unicode>6. Zorahayda (légende)</Unicode>
                </TextEquiv>
            </TextLine>
            <TextLine id="tr_2_tl_18" custom="readingOrder {index:17;}">
                <Coords points="507,1799 1052,1806 1106,1801 1106,1744 950,1739 915,1762 880,1740 722,1762 683,1750 642,1768 587,1744 563,1762 507,1753"/>
                <Baseline points="516,1788 561,1788 605,1788 650,1788 695,1788 740,1788 785,1788 829,1788 874,1788 919,1788 964,1785 1008,1785 1053,1785 1098,1785 1110,1788"/>
                <TextEquiv>
                    <Unicode>Violon-solo: M. Edm. De Herdt.</Unicode>
                </TextEquiv>
            </TextLine>
            <TextLine id="tr_2_tl_19" custom="readingOrder {index:18;}">
                <Coords points="386,1844 1702,1850 1775,1844 1775,1777 386,1810"/>
                <Baseline points="397,1835 435,1838 480,1835 525,1835 570,1835 614,1835 659,1835 704,1835 749,1835 794,1835 838,1832 883,1835 928,1832 973,1835 1017,1835 1062,1835 1107,1832 1152,1832 1197,1832 1241,1832 1286,1832 1331,1829 1376,1832 1420,1832 1465,1832 1510,1832 1555,1832 1600,1832 1644,1832 1689,1832 1734,1832 1779,1832"/>
                <TextEquiv>
                    <Unicode>..Par une nuit d’été Jacintha était restée seule dans l’Alhambra. Assise auprès</Unicode>
                </TextEquiv>
            </TextLine>
            <TextLine id="tr_2_tl_20" custom="readingOrder {index:19;}">
                <Coords points="344,1879 1773,1883 1773,1843 344,1848"/>
                <Baseline points="355,1877 388,1874 432,1877 477,1877 522,1874 567,1874 611,1874 656,1874 701,1874 746,1874 791,1871 835,1874 880,1874 925,1874 970,1874 1014,1871 1059,1871 1104,1871 1149,1871 1194,1871 1238,1871 1283,1871 1328,1871 1373,1871 1417,1871 1462,1871 1507,1871 1552,1871 1597,1871 1641,1871 1686,1871 1731,1871 1776,1871"/>
                <TextEquiv>
                    <Unicode>d’une fontaine, elle pleurait, et ses larmes tombaient dans l’onde pure. — Peu</Unicode>
                </TextEquiv>
            </TextLine>
            <TextLine id="tr_2_tl_21" custom="readingOrder {index:20;}">
                <Coords points="348,1919 1771,1921 1771,1883 1671,1872 348,1883"/>
                <Baseline points="358,1919 388,1916 432,1913 477,1913 522,1913 567,1913 611,1913 656,1913 701,1913 746,1913 791,1913 835,1913 880,1913 925,1910 970,1913 1014,1913 1059,1910 1104,1910 1149,1910 1194,1910 1238,1910 1283,1910 1328,1910 1373,1907 1417,1910 1462,1910 1507,1910 1552,1910 1597,1910 1641,1910 1686,1910 1731,1910 1776,1910"/>
                <TextEquiv>
                    <Unicode>à peu, l’eau devint agitée et, du milieu d’une vapeur indécise, apparut le pâle</Unicode>
                </TextEquiv>
            </TextLine>
            <TextLine id="tr_2_tl_22" custom="readingOrder {index:21;}">
                <Coords points="344,1961 1773,1966 1773,1921 344,1937"/>
                <Baseline points="355,1955 388,1955 432,1955 477,1952 522,1952 567,1952 611,1952 656,1952 701,1952 746,1952 791,1949 835,1952 880,1949 925,1949 970,1949 1014,1949 1059,1949 1104,1949 1149,1949 1194,1949 1238,1949 1283,1949 1328,1949 1373,1949 1417,1949 1462,1949 1507,1949 1552,1949 1597,1949 1641,1946 1686,1949 1731,1949 1776,1949"/>
                <TextEquiv>
                    <Unicode>fantôme d'une femme jeune et belle tenant en ses mains un luth d'argent. Ses</Unicode>
                </TextEquiv>
            </TextLine>
            <TextLine id="tr_2_tl_23" custom="readingOrder {index:22;}">
                <Coords points="354,2007 1737,1996 1658,1956 354,1965"/>
                <Baseline points="364,1994 397,1991 441,1994 486,1991 531,1991 576,1991 620,1988 665,1991 710,1991 755,1991 800,1991 844,1991 889,1988 934,1988 979,1988 1023,1991 1068,1988 1113,1988 1158,1988 1203,1988 1247,1988 1292,1988 1337,1988 1382,1988 1426,1988 1471,1988 1516,1985 1561,1988 1606,1988 1650,1988 1695,1988 1740,1988"/>
                <TextEquiv>
                    <Unicode>vêtements étincelants de pierreries étaient ceux d’une princesse mauresque.</Unicode>
                </TextEquiv>
            </TextLine>
            <TextLine id="tr_2_tl_24" custom="readingOrder {index:23;}">
                <Coords points="394,2038 1746,2045 1771,1992 394,2014"/>
                <Baseline points="403,2032 432,2029 477,2029 522,2029 567,2029 611,2029 656,2029 701,2029 746,2029 791,2029 835,2029 880,2026 925,2029 970,2026 1014,2026 1059,2026 1104,2026 1149,2026 1194,2026 1238,2026 1283,2026 1328,2026 1373,2023 1417,2023 1462,2023 1507,2026 1552,2026 1597,2026 1641,2026 1686,2026 1731,2026 1776,2026"/>
                <TextEquiv>
                    <Unicode>« Fille mortelle », dit sa voix harmonieuse et tendre, « pourquoi pleures-tu</Unicode>
                </TextEquiv>
            </TextLine>
            <TextLine id="tr_2_tl_25" custom="readingOrder {index:24;}">
                <Coords points="352,2085 1739,2069 1708,2032 352,2039"/>
                <Baseline points="361,2068 400,2071 444,2068 489,2068 534,2068 579,2068 623,2068 668,2068 713,2068 758,2068 803,2068 847,2065 892,2062 937,2065 982,2065 1026,2065 1071,2065 1116,2065 1161,2065 1206,2062 1250,2065 1295,2065 1340,2065 1385,2065 1429,2065 1474,2065 1519,2062 1564,2065 1609,2062 1653,2062 1698,2062 1743,2059"/>
                <TextEquiv>
                    <Unicode>dans le silence de la nuit?» « Je pleure le bien-aime qui m’a délaissée! »</Unicode>
                </TextEquiv>
            </TextLine>
            <TextLine id="tr_2_tl_26" custom="readingOrder {index:25;}">
                <Coords points="352,2112 1755,2118 1777,2074 352,2085"/>
                <Baseline points="361,2101 405,2107 450,2104 495,2104 540,2107 585,2104 629,2107 674,2107 719,2104 764,2107 808,2107 853,2104 898,2104 943,2104 988,2104 1032,2104 1077,2104 1122,2104 1167,2104 1211,2104 1256,2104 1301,2104 1346,2104 1391,2104 1435,2104 1480,2101 1525,2101 1570,2101 1614,2104 1659,2104 1704,2104 1749,2104 1782,2104"/>
                <TextEquiv>
                    <Unicode>1 Sèche tes larmes ; écoute : Tu vois devant toi la triste Zorahayda. Comme</Unicode>
                </TextEquiv>
            </TextLine>
            <TextLine id="tr_2_tl_27" custom="readingOrder {index:26;}">
                <Coords points="344,2160 1739,2156 1768,2116 344,2121"/>
                <Baseline points="355,2149 385,2146 429,2146 474,2146 519,2146 564,2146 608,2143 653,2146 698,2146 743,2143 788,2146 832,2143 877,2143 922,2143 967,2143 1011,2143 1056,2143 1101,2143 1146,2143 1191,2140 1235,2143 1280,2143 1325,2140 1370,2143 1414,2140 1459,2140 1504,2140 1549,2143 1594,2143 1638,2140 1683,2143 1728,2143 1773,2143"/>
                <TextEquiv>
                    <Unicode>toi j’ai connu les tourments de l’amour malheureux. Un chevalier chrétien</Unicode>
                </TextEquiv>
            </TextLine>
            <TextLine id="tr_2_tl_28" custom="readingOrder {index:27;}">
                <Coords points="344,2183 1669,2194 1766,2187 1766,2152 344,2160"/>
                <Baseline points="355,2182 382,2185 426,2185 471,2185 516,2185 561,2182 605,2182 650,2182 695,2182 740,2182 785,2182 829,2182 874,2182 919,2182 964,2182 1008,2182 1053,2182 1098,2182 1143,2182 1188,2179 1232,2179 1277,2179 1322,2179 1367,2179 1411,2179 1456,2179 1501,2179 1546,2182 1591,2182 1635,2179 1680,2179 1725,2182 1770,2179"/>
                <TextEquiv>
                    <Unicode>avait gagné mon cœur. J’avais promis d’embrasser sa croyance et de le suivre</Unicode>
                </TextEquiv>
            </TextLine>
            <TextLine id="tr_2_tl_29" custom="readingOrder {index:28;}">
                <Coords points="348,2227 1751,2231 1762,2189 348,2200"/>
                <Baseline points="358,2220 379,2223 423,2223 468,2223 513,2223 558,2220 603,2220 647,2220 692,2220 737,2220 782,2220 826,2220 871,2220 916,2220 961,2220 1006,2220 1050,2217 1095,2217 1140,2217 1185,2220 1229,2217 1274,2220 1319,2217 1364,2217 1409,2217 1453,2217 1498,2217 1543,2217 1588,2217 1632,2220 1677,2220 1722,2220 1767,2217"/>
                <TextEquiv>
                    <Unicode>en son pays. Au moment du départ, mon courage faiblit, je restai et suis morte</Unicode>
                </TextEquiv>
            </TextLine>
            <TextLine id="tr_2_tl_30" custom="readingOrder {index:29;}">
                <Coords points="354,2280 1773,2271 1726,2223 354,2231"/>
                <Baseline points="364,2262 388,2262 432,2259 477,2259 522,2259 567,2259 611,2259 656,2259 701,2259 746,2259 791,2259 835,2259 880,2259 925,2256 970,2256 1014,2256 1059,2256 1104,2259 1149,2256 1194,2259 1238,2256 1283,2256 1328,2256 1373,2256 1417,2256 1462,2256 1507,2256 1552,2256 1597,2256 1641,2256 1686,2256 1731,2256 1776,2259"/>
                <TextEquiv>
                    <Unicode>païenne, dans ce palais, après une vie de souffrance. Depuis, les Génies du Mal</Unicode>
                </TextEquiv>
            </TextLine>
        </TextRegion>
        <TextRegion id="tr_1" custom="readingOrder {index:2;}">
            <Coords points="319,2245 1779,2245 1779,3069 319,3069"/>
            <TextLine id="tr_1_tl_1" custom="readingOrder {index:0;}">
                <Coords points="354,2313 1766,2309 1766,2265 354,2280"/>
                <Baseline points="364,2301 382,2298 426,2301 471,2298 516,2298 561,2298 605,2295 650,2295 695,2298 740,2298 785,2298 829,2298 874,2298 919,2295 964,2298 1008,2295 1053,2295 1098,2295 1143,2298 1188,2295 1232,2295 1277,2298 1322,2298 1367,2295 1411,2295 1456,2295 1501,2295 1546,2295 1591,2295 1635,2295 1680,2295 1725,2298 1770,2295"/>
                <TextEquiv>
                    <Unicode>ont tout pouvoir sur moi, et seule la main pure d’une chrétienne détruira le</Unicode>
                </TextEquiv>
            </TextLine>
            <TextLine id="tr_1_tl_2" custom="readingOrder {index:1;}">
                <Coords points="348,2347 1609,2351 1771,2346 1771,2309 348,2320"/>
                <Baseline points="358,2337 403,2340 447,2337 492,2337 537,2337 582,2337 626,2337 671,2334 716,2337 761,2337 806,2334 850,2337 895,2337 940,2334 985,2334 1029,2334 1074,2334 1119,2334 1164,2337 1209,2334 1253,2337 1298,2337 1343,2334 1388,2334 1432,2334 1477,2334 1522,2331 1567,2334 1612,2334 1656,2334 1701,2337 1746,2337 1776,2337"/>
                <TextEquiv>
                    <Unicode>charme magique qui me retient ici prisonnière... Tu peux me délivrer... Le</Unicode>
                </TextEquiv>
            </TextLine>
            <TextLine id="tr_1_tl_3" custom="readingOrder {index:2;}">
                <Coords points="357,2387 1777,2384 1777,2346 1525,2333 357,2346"/>
                <Baseline points="367,2379 391,2376 435,2376 480,2376 525,2379 570,2376 614,2373 659,2376 704,2376 749,2373 794,2373 838,2373 883,2376 928,2373 973,2373 1017,2373 1062,2373 1107,2373 1152,2370 1197,2373 1241,2376 1286,2376 1331,2373 1376,2373 1420,2373 1465,2373 1510,2373 1555,2373 1600,2373 1644,2373 1689,2373 1734,2373 1779,2376"/>
                <TextEquiv>
                    <Unicode>veux-tu?... Parle! » — « Oui, je le veux!» — « Approche donc. Plonge la main</Unicode>
                </TextEquiv>
            </TextLine>
            <TextLine id="tr_1_tl_4" custom="readingOrder {index:3;}">
                <Coords points="352,2440 1762,2417 1677,2378 352,2386"/>
                <Baseline points="361,2415 379,2418 423,2415 468,2415 513,2415 558,2415 603,2412 647,2412 692,2412 737,2415 782,2412 826,2415 871,2415 916,2412 961,2412 1006,2412 1050,2412 1095,2412 1140,2412 1185,2412 1229,2412 1274,2412 1319,2412 1364,2412 1409,2412 1453,2412 1498,2412 1543,2412 1588,2412 1632,2412 1677,2412 1722,2412 1767,2409"/>
                <TextEquiv>
                    <Unicode>dans l’eau de cette fontaine, baptise moi, et je serai rendue à l'éternel repos.</Unicode>
                </TextEquiv>
            </TextLine>
            <TextLine id="tr_1_tl_5" custom="readingOrder {index:4;}">
                <Coords points="381,2459 1753,2466 1768,2417 381,2428"/>
                <Baseline points="391,2453 429,2453 474,2453 519,2453 564,2453 608,2450 653,2450 698,2453 743,2453 788,2453 832,2453 877,2450 922,2450 967,2450 1011,2450 1056,2450 1101,2450 1146,2450 1191,2450 1235,2450 1280,2450 1325,2450 1370,2450 1414,2450 1459,2450 1504,2450 1549,2450 1594,2450 1638,2450 1683,2450 1728,2450 1773,2450"/>
                <TextEquiv>
                    <Unicode>Jacintha s'approcha, prit de l’eau dans le creux de sa main, et la répandit</Unicode>
                </TextEquiv>
            </TextLine>
            <TextLine id="tr_1_tl_6" custom="readingOrder {index:5;}">
                <Coords points="344,2504 1768,2495 1768,2462 1680,2457 344,2449"/>
                <Baseline points="355,2492 385,2492 429,2492 474,2492 519,2492 564,2489 608,2489 653,2489 698,2489 743,2489 788,2489 832,2492 877,2489 922,2489 967,2489 1011,2489 1056,2489 1101,2489 1146,2489 1191,2489 1235,2489 1280,2489 1325,2489 1370,2489 1414,2489 1459,2486 1504,2489 1549,2489 1594,2489 1638,2489 1683,2489 1728,2489 1773,2486"/>
                <TextEquiv>
                    <Unicode>sur la tête du fantôme... Alors, Zorahayda, le visage transliguré, laissa douce¬</Unicode>
                </TextEquiv>
            </TextLine>
            <TextLine id="tr_1_tl_7" custom="readingOrder {index:6;}">
                <Coords points="344,2544 1702,2561 1773,2546 1773,2495 344,2502"/>
                <Baseline points="355,2531 400,2531 444,2531 489,2531 534,2531 579,2531 623,2531 668,2528 713,2528 758,2528 803,2528 847,2528 892,2528 937,2528 982,2528 1026,2528 1071,2528 1116,2528 1161,2528 1206,2528 1250,2528 1295,2528 1340,2528 1385,2528 1429,2528 1474,2528 1519,2528 1564,2528 1609,2528 1653,2528 1698,2528 1743,2528 1776,2534"/>
                <TextEquiv>
                    <Unicode>ment tomber son luth d’argent, croisa ses bras blancs sur son sein et,souriant,</Unicode>
                </TextEquiv>
            </TextLine>
            <TextLine id="tr_1_tl_8" custom="readingOrder {index:7;}">
                <Coords points="352,2584 370,2577 377,2582 414,2577 432,2586 445,2577 479,2572 490,2579 545,2577 545,2552 529,2552 510,2537 496,2546 488,2541 457,2544 448,2537 419,2546 399,2537 379,2539 364,2550 352,2546"/>
                <Baseline points="361,2570 405,2567 450,2567 495,2570 540,2570 549,2570"/>
                <TextEquiv>
                    <Unicode>disparut...</Unicode>
                </TextEquiv>
            </TextLine>
            <TextLine id="tr_1_tl_9" custom="readingOrder {index:8;}">
                <Coords points="381,2619 1719,2628 1773,2621 1773,2566 381,2579"/>
                <Baseline points="391,2612 432,2606 477,2606 522,2606 567,2606 611,2603 656,2606 701,2606 746,2606 791,2606 835,2606 880,2606 925,2606 970,2606 1014,2606 1059,2606 1104,2603 1149,2606 1194,2603 1238,2606 1283,2606 1328,2603 1373,2603 1417,2603 1462,2603 1507,2603 1552,2603 1597,2603 1641,2603 1686,2606 1731,2603 1776,2606"/>
                <TextEquiv>
                    <Unicode>Jacintha croyait sortir d’un rêve. Mais en voyant à ses pieds le luth d'argent,</Unicode>
                </TextEquiv>
            </TextLine>
            <TextLine id="tr_1_tl_10" custom="readingOrder {index:9;}">
                <Coords points="344,2677 1719,2666 1719,2623 344,2630"/>
                <Baseline points="355,2644 379,2647 423,2647 468,2644 513,2644 558,2644 603,2641 647,2641 692,2641 737,2644 782,2644 826,2644 871,2644 916,2644 961,2644 1006,2644 1050,2644 1095,2644 1140,2644 1185,2644 1229,2641 1274,2644 1319,2644 1364,2644 1409,2644 1453,2641 1498,2641 1543,2641 1588,2641 1632,2641 1677,2641 1722,2641"/>
                <TextEquiv>
                    <Unicode>ses doutes s'évanouirent et ses fraits s’illuminèrent d’espérance et de joie.</Unicode>
                </TextEquiv>
            </TextLine>
            <TextLine id="tr_1_tl_11" custom="readingOrder {index:10;}">
                <Coords points="1276,2714 1310,2723 1329,2710 1345,2723 1360,2712 1387,2726 1402,2716 1442,2734 1509,2716 1582,2725 1657,2714 1657,2668 1582,2664 1555,2677 1487,2666 1471,2677 1409,2659 1381,2670 1276,2657"/>
                <Baseline points="1286,2704 1331,2707 1376,2707 1420,2707 1465,2707 1510,2707 1555,2707 1600,2707 1644,2707 1659,2710"/>
                <TextEquiv>
                    <Unicode>G. MEYERBEER</Unicode>
                </TextEquiv>
            </TextLine>
            <TextLine id="tr_1_tl_12" custom="readingOrder {index:11;}">
                <Coords points="324,2737 623,2712 1026,2730 1037,2655 920,2679 893,2657 868,2681 703,2661 324,2677"/>
                <Baseline points="335,2711 382,2710 426,2704 471,2704 516,2704 561,2704 605,2704 650,2704 695,2704 740,2704 785,2704 829,2707 874,2707 919,2707 964,2707 1008,2707 1041,2713"/>
                <TextEquiv>
                    <Unicode>7. Séduction (scènes de ballet).</Unicode>
                </TextEquiv>
            </TextLine>
            <TextLine id="tr_1_tl_13" custom="readingOrder {index:12;}">
                <Coords points="1145,2714 1174,2714 1181,2719 1186,2716 1203,2728 1214,2721 1219,2725 1234,2725 1234,2679 1225,2679 1216,2670 1206,2677 1199,2675 1190,2685 1174,2694 1168,2694 1157,2683 1145,2683"/>
                <Baseline points="1155,2710 1200,2710 1238,2710"/>
                <TextEquiv>
                    <Unicode>...</Unicode>
                </TextEquiv>
            </TextLine>
            <TextLine id="tr_1_tl_14" custom="readingOrder {index:13;}">
                <Coords points="428,2777 1411,2770 1411,2739 1329,2710 428,2728"/>
                <Baseline points="438,2764 474,2761 519,2761 564,2758 608,2758 653,2758 698,2758 743,2758 788,2758 832,2758 877,2758 922,2758 967,2758 1011,2758 1056,2758 1101,2758 1146,2758 1191,2758 1235,2758 1280,2755 1325,2758 1370,2758 1414,2758"/>
                <TextEquiv>
                    <Unicode>A) Légèreté ; B) Jeu ; c) IVresse ; D) Amour ; E) Finale.</Unicode>
                </TextEquiv>
            </TextLine>
            <TextLine id="tr_1_tl_15" custom="readingOrder {index:14;}">
                <Coords points="310,2856 386,2825 428,2845 496,2825 629,2849 667,2825 751,2860 840,2836 884,2867 1001,2834 1001,2783 966,2774 838,2785 747,2765 634,2794 310,2777"/>
                <Baseline points="319,2823 334,2823 379,2826 423,2823 468,2823 513,2823 558,2823 603,2821 647,2821 692,2818 737,2821 782,2821 826,2821 871,2821 916,2821 961,2821 1006,2821"/>
                <TextEquiv>
                    <Unicode>8. Marche du couronnement</Unicode>
                </TextEquiv>
            </TextLine>
            <TextLine id="tr_1_tl_16" custom="readingOrder {index:15;}">
                <Coords points="1270,2823 1299,2836 1442,2830 1465,2845 1489,2827 1578,2832 1595,2819 1671,2843 1720,2830 1720,2781 1688,2774 1560,2787 1496,2763 1431,2792 1376,2767 1270,2772"/>
                <Baseline points="1280,2821 1325,2821 1370,2818 1414,2821 1459,2821 1504,2821 1549,2821 1594,2818 1638,2818 1683,2821 1725,2821"/>
                <TextEquiv>
                    <Unicode>P. TsCHAÖK0WSY</Unicode>
                </TextEquiv>
            </TextLine>
            <TextLine id="tr_1_tl_17" custom="readingOrder {index:16;}">
                <Coords points="310,2993 1757,2991 1771,2927 310,2940"/>
                <Baseline points="319,2979 343,2979 388,2979 432,2976 477,2976 522,2976 567,2976 611,2973 656,2976 701,2973 746,2976 791,2973 835,2973 880,2973 925,2973 970,2973 1014,2973 1059,2973 1104,2973 1149,2973 1194,2970 1238,2970 1283,2970 1328,2970 1373,2970 1417,2970 1462,2970 1507,2970 1552,2970 1597,2970 1641,2970 1686,2970 1731,2973 1776,2970"/>
                <TextEquiv>
                    <Unicode>Mercredi 23 : Concert avec le concours de Mlle Elvire MICHIELS, Paniste.</Unicode>
                </TextEquiv>
            </TextLine>
            <TextLine id="tr_1_tl_18" custom="readingOrder {index:17;}">
                <Coords points="310,3082 827,3100 882,3056 1179,3056 1263,3106 1533,3104 1693,3084 1693,3020 310,3027"/>
                <Baseline points="319,3056 355,3059 400,3059 444,3059 489,3056 534,3056 579,3056 623,3056 668,3056 713,3056 758,3053 803,3053 847,3053 892,3053 937,3053 982,3053 1026,3053 1071,3053 1116,3053 1161,3053 1206,3050 1250,3050 1295,3053 1340,3050 1385,3050 1429,3053 1474,3050 1519,3050 1564,3050 1609,3050 1653,3050 1698,3050"/>
                <TextEquiv>
                    <Unicode>N.-B. — On ne pourra retenir sous aucun prétexte des places non occupées.</Unicode>
                </TextEquiv>
            </TextLine>
        </TextRegion>
    </Page>
</PcGts>
