2056 3224
449 166 1589 276 Koninklijke Maatschappij van Dierkunde
780 258 1249 347 VAN ANTWERPEN
290 336 1744 431 ....................................+  ==================
374 413 1655 500 Zondag 26 Maart 1904, te 3 ½ uren ’s namiddags
1178 577 1697 683 Concer
285 469 1147 678 Symfonisch
312 703 1726 789 DOOR HET ORKEST DER MAATSCHAPPIJ
451 793 1591 877 onder de leiding van M. EDMARD REURVELS
961 860 1070 970 &C
782 955 1255 1074 programma
944 1070 1107 1132 10 DEEL
1273 1123 1660 1194 FERD.ezoLd
285 1130 858 1196 I. Zampa (opingstuk)
289 1183 809 1262 2. Spaansche dansen
1278 1182 1684 1249 M. Moszkowski
285 1242 1041 1326 3. Fantazie op Spaansche volkswijzen
1269 1240 1687 1309 FR. A. DEVAERT
294 1300 780 1392 4. Boertige optocht.
1273 1298 1755 1388 LOD. MORTELMANS
930 1362 1105 1434 2e DEEL
290 1417 948 1503 5. Maximilien Robespierre
1273 1412 1582 1501 H. LITOLFF
491 1479 1087 1572 (dramatisch openingstuk)
289 1540 849 1618 6. Zorahayda (legende)
1282 1523 1664 1631 JOH. SVENDSEN
497 1594 1048 1664 Viool-solo : M. Edm. De Herdt
369 1631 1746 1702 ..Op eenen helderen zomernacht was Jacintha alleen gebleven in eene zaa
336 1689 1750 1740 van het Alhambra Bij eene albasten fontein zat zij te weenen; snikken ont-
327 1733 1618 1775 snapten haren boezem en tranen vielen stil in het doorschijnend nat...
369 1759 1757 1817 Langzamerhand werd het water beroerd, en midden eenen vormeloozen
332 1806 1746 1861 damp verscheen de sehim eener schoone jonge vrouw, dragende in hare handen
332 1846 1750 1918 eene zilveren luit. Haar gewaad, schitterend van gesteenten, was dit eenen
332 1877 668 1939 Moorsche prinses.
373 1919 1753 1971 « Sterfelijke maagd r, sprak zij teeder, « waarom weent gij? Waarom stoort
336 1956 1193 2011 gij door uwe klachten de stilte des nachts? »—
1209 1958 1750 2011 Ik beween den welbeminden,
332 1996 1746 2044 die mij heeft verlaten! » — « Droog uwe tranen, uw leed zal weldra eindigen
340 2042 1753 2093 Doch luister. Voor u ziet ge de droeve Zorahayda Even als gij, kende ik de
327 2076 1744 2120 folteringen eener ongelukkige liefde. Een kristen ridder had mijn hart vero
340 2117 1753 2159 verd; ik had beloofd zijn geloof te omhelzen en hem te volgen naar zijn
340 2157 1750 2206 geboorteland. Doch op het beslissend oogenblik verliet mij mijn moed; ik
332 2193 1750 2237 weifelde, en werd gevangen gehouden in dit paleis, waar ik stierf na een
331 2230 1757 2277 smartvol leven. Sinds hebben de Geesten des kwaads alle vermogen op mij en
340 2272 1750 2310 ik moet hen onderworpen blijven tot den dag waarop eene reine christene
336 2307 1735 2350 hand de toovermacht zal verbreken die mij hier kluistert : Gij kunt mi
336 2347 1750 2392 bevrijden. Wilt gij dit? Spreek! » — « Ja, ik wil het », antwoordde bevend
332 2380 1755 2433 Jacintha.—. Nader dan. Dompel uwe hand in het water dezer fontein, doop
332 2422 1755 2467 mij volgens uw geloof, en mijne ziel erlangt den eeuwigen vrede. — Jacintha
332 2473 1748 2517 naderde, nam water in de holte harer hand, en storte het uit op het hoofd der
332 2500 1755 2544 schim. Toen liet Zorahayda, het wezen verklaard, de luit zachtjes glijden
332 2540 1669 2599 naast de fontein, kruiste hare blanke armen op hare borst en verdween..
374 2575 1751 2626 Jacintha dacht te ontwaken uit een droom. Maar de zilveren luit ziende aan
332 2599 1748 2677 hare voeten, verging haar twijfel, en bij de herinnering aan Zorahayda’s voor-
336 2655 1275 2716 zegging, straalde haar gelaat van hoop en vreugde.
310 2696 1001 2759 7. Verleiding (danstooneelen)
1286 2685 1660 2761 G. MEYERBER
409 2765 1631 2820 A) Lichtzinnigheid ; B) Spel ; c) Dronkenschap ; b) Liefde ; E) Slot
294 2801 785 2878 8. Kroningsmarsch
1277 2801 1719 2889 P. TsCHAikowsky
300 2900 1742 2980 Woensdag 23 : Concert met de medewerking van Mej. Elviva MICHIELS
455 2962 628 3017 Pianiste.
290 3037 1759 3090 N.-B.— Niet ingenomen plaatsen mogen onder geen voorwendsel voorbehouden
453 3074 612 3148 worden.
1118 3101 1660 3176 F. Janssens-Anthonis. — Antwerpen.
