2056 3224
485 263 1538 410 Société Royale de Zoologie d'Anvers
261 410 1714 498 ̃ ̃ *̃ r * * * M * * ^ * r * a * *
437 514 1544 603 Mercredi 23 Mars 1904, à 8 heures du soir
277 628 1733 816 Concert de Symphonie
355 807 1634 930 PAR L'ORCHESTRE DE LA SOCIÉTÉ
428 902 1571 992 sous la direction de M. accavo KEURVELS
766 981 1235 1079 ET AVEC LE CONCOURS DE
503 1042 1483 1185 Mlle Elvire MICHIELS, Pianiste-
941 1148 1051 1270 etc
757 1262 1237 1395 programme
888 1385 1115 1483 1r° PARTIE
261 1463 893 1558 I. 4e Symphonie (Jupiter).
380 1534 972 1604 A) Allegro vivace ; B) Andante ;
380 1586 985 1668 c) Allegretto; b) allegro molto.
1250 1578 1628 1707 W. A. MoZART
261 1643 1145 1729 2. Concerto (n° 26) pour piano etennestre
388 1711 1115 1782 A)Allegro; B) Larghetto; c) Allegretto.
452 1760 965 1847 Mlle Elvire MICHIELS
895 1836 1115 1911 2e PARTIE
1250 1907 1643 1996 G. MEYERBEER
261 1928 1086 2023 3. Dinorah (ouverture de l'opéra)
1246 1981 1731 2086 FEL. MENDELSSOHN
195 2007 1147 2108 4. Capriccio pour piano etennestre.
461 2058 967 2150 Mlle Elvire MICHIELS
270 2126 636 2242 5. Festmarsch
1250 2117 1556 2211 ED. LASSEN
443 2255 1571 2356 Piano PLEYEL de la Maison L. ANTHONIS.
270 2391 1738 2468 Mercredi 30 : Concert avec le concours de M. Léandre VILain, Organiste,
426 2449 1740 2525 Professeur au Conservatoire Royal de Gand; Organiste à l’Eglise Primaire
428 2497 891 2572 et au Kursaal d’Ostende.
266 2560 1744 2661 Vendredi-Saint (1er Avril), à 8 hs. du soir, pour la clôture des Concerts d’Hiver :
426 2613 1740 2675 Audition de musique sacrée de l'Err BENOIT. — Solistes, Chœur Mixte,
432 2663 808 2734 Orgue et Orchestre.
266 2714 1667 2841 N.-B. — On ne pourra retenir sous aucun prétexte des places non occupées.
