2056 3224
419 261 1562 372 Koninklijke Maatschappij van Dierkunde
742 366 1223 467 VAN ANTWERPEN
261 447 1719 549 1 1/2 1/3 + 3,3 1/4 + 4,3 a + 50 0,9
406 550 1586 645 Woensdag 23 Maart 1904, te 8 uren ’s avonds
1159 678 1664 824 Concet
259 627 1114 851 Symfonisch
877 851 986 915 1575
288 842 1706 931 DOOR HET ORKEST DER MAATSCHAPPIJ
423 937 1569 1026 onder de leiding van M. EDWERD REURVELS
731 1026 1272 1097 EN MET DE MEDEWERKING VAN
507 1081 1482 1208 Mej. Elvira MICHIELS, Pianiste.
937 1201 1044 1319 86
745 1310 1236 1445 programma
911 1453 1084 1524 je DEEL
266 1516 829 1609 I. 4e Symfonie (Jupiter)
386 1589 962 1653 A) allegro vivace; B) Andante;
390 1640 968 1710 c) Allegretto; c) allegro molto.
1248 1651 1624 1746 W. A. MoZART
261 1695 1126 1784 2. Concerto (nr 26) voor klavier en orkest
386 1761 1123 1833 A)Allegro; B) Larghetto; c) allegretto.
457 1817 977 1910 Mej. Elvira MICHIELS.
920 1894 1097 1970 2e DEEL
1248 1945 1648 2047 G. MEYERBEER
266 1965 1094 2063 3. Dinorah (opingstuk van het zangspel)
1252 2008 1861 2141 FEL. MENDELSSOHN
273 2050 1112 2132 4. Capriccio voor klavier en orkest
457 2118 975 2198 Mej. Elvira MICHIELS
1252 2163 1566 2269 ED. LASSEN
273 2187 645 2267 5. Festmarsch
335 2273 1675 2384 Concervleugel PLEYEL van het Huis L. ANTHONIS.
275 2402 1740 2475 Woensdag 30 : Concert met de medewerking van den Heer Leander
434 2466 1739 2528 VIL 22N, Orgelist, Leeraar aan het Koninklijk Conservatorium van
428 2515 1595 2581 Gent, Orgelist der Hoofdkerk en van het Kuurhuis te Oostende.
282 2566 1733 2635 Goede-Vrijdag (1 April), te 8 uren ’s avonds, voor het sluiten der Winter-
434 2626 1689 2685 concerten : Uitvoering van gewijde muziek van PETER BENOIT.
430 2674 1212 2726 Solisten, Gemengd Koor, Orgel en Orkest.
275 2741 1735 2823 N.-B.— Niet ingenomen plaatsen mogen onder geen voorwendsel voorbehouden
437 2796 598 2861 worden.
1097 2818 1655 2909 F. Janssens-Anthonis. — Antwerpen.
