2056 3224
473 306 1517 436 Société Royale de Zoologie d’Anvers
249 413 1706 542 (3,2)3,3.3.8.8..
304 524 1666 597 Dimanche 27 Mars 1904, à 3½ heures de l’après-midi.
256 591 1717 797 Concert de Symphonie
326 815 1626 908 PAR L'ORCHESTRE DE LA SCIÉTÉ
407 902 1551 1022 sous la direction de M. accavo KEURVELS
924 995 1042 1117 N
728 1104 1217 1237 programme
864 1222 1108 1311 1re PARTIE
244 1295 953 1404 I. Marche du couronnement
1240 1311 1639 1404 JOH. SVENDSEN
236 1391 691 1466 2. Suite hongroise
1240 1386 1604 1470 H. HOFMANN
324 1462 1531 1539 a) Dans la salle du couronnement; B) Romance ; c) Daus la Pusta.
235 1511 635 1608 3. Danse slave.
1246 1522 1608 1608 ANT. DVORAK
240 1584 857 1682 4. Euryanthe (ouverture)
1246 1582 1717 1699 C. M. VONWEBER
868 1679 1093 1771 2e PARTIE
240 1753 1006 1866 5. Benvenuto Cellini (ouverture).
1240 1741 1690 1861 HECTOR BERLIOZ
236 1846 520 1913 6. Douleur
1249 1844 1684 1935 CHR. VON GLUKK
320 1895 840 1982 Flûte-solo: M. Hipp. Vinck.
253 1957 1415 2072 7. De Gluck à Wagner (fragments symphoniques)
398 2024 915 2084 GLuck : Armide (ouverture
398 2059 1024 2124 HAVDN : 1e Symphonie (andante)
391 2106 1091 2162 MoZART : Don Juan (finale ; menuet)
400 2153 1040 2197 BEETHOFEN : 5e Symphonie (sinale)
400 2184 1189 2244 WEBER : Freischütz (ouverture : cavatine)
400 2221 1017 2303 MENDELSSOIN : Marche nuptiale
393 2264 804 2319 SCHUBERT : Sérénade
396 2284 942 2383 WAGNER: Rienzi (ouverture)
236 2352 773 2459 8. Huldigungsmarsch
1237 2348 1622 2450 RICH. WAGNER
235 2468 1693 2557 Mercredi 30 : Concert avec le concours de M. Léandre VILain, Organiste
395 2544 1699 2610 Professeur au conservatoire Royal de Gand; Organiste à l’Eglise Primaire
391 2581 855 2641 et au Kursaal d’Ostende.
242 2615 1697 2684 Vendredi-Saint (1er Avril), à 8 hs. du soir, pour la clôture des Concerts d'Hiver :
393 2677 1693 2741 Audition de musique sacrée de PETFR BENOIT. — Solistes, Chœur Mixte
395 2708 762 2768 Orgue et Orchestre.
240 2788 1624 2852 N.-B. — On ne pourra retenir sous aucun prétexte des places non occupées.
