2056 3224
503 258 1545 352 Société Royale de Zoologie d'Anvers
285 383 1735 468 ̃ ̃"̃ r * * A. A. M M. M. A..
452 454 1559 566 Mercredi 30 Mars 1904, à 8 heures du soir
290 592 1744 773 Concert de Symphonie
367 768 1648 877 PAR L'ORCHESTRE DE LA SOCIÉTÉ
443 873 1584 966 sous la direction de M. ED kanD REURVELS
780 953 1251 1029 ET AVEC LE CONCOURS DE
566 1020 1463 1127 M. Léandre VIL 22 N, Organiste,
604 1113 1421 1180 Professeur au Conservatoire Royal de Gand,
492 1171 1535 1269 Organiste à l’Eglise Primaire et au Kursaal d’Ostende.
955 1236 1067 1365 etc.
775 1356 1240 1492 programme
281 1499 915 1595 I. Tannhäuser-Ouvertüre
1247 1485 1639 1590 RICH. WAGNER
281 1581 824 1663 2. Sonate pour Orgue.
1240 1579 1739 1668 FEL MENDELSSOHN
397 1641 1040 1721 A) allegro moderato ; B) Andante;
397 1699 1015 1781 c) allegretto; n) Finale (Allegro)
281 1757 957 1849 3. Largo (Orgue et orchestre)
1252 1730 1624 1855 G F. HAENDEL
280 1837 1091 1937 4. Prélude et fugue (en Sol mineur)
1254 1837 1590 1926 JOH. S. BACH
289 1917 833 2000 5. Ai r avec variations
1247 1913 1628 2002 G. F. HAENDEL
285 1986 1013 2085 6 3e Symphonie (en Ut mineur
1252 1991 1715 2076 CAM. SAINT-SAENS
483 2058 1439 2149 Orgue et orchestre (Ire addition à Anvers)
397 2124 1300 2198 1. Adagio. — Allegro moderato. — Poco Adamio
397 2165 1604 2267 2. allegro moderato. — Presto. — Allegro moderate. — Maestoso.
289 2242 697 2327 7. Thème varie
1247 2243 1530 2330 L. THIELE
285 2320 806 2414 8. Marche du Synode
1247 2321 1717 2409 CAM. SAINT-SAENS
488 2389 1060 2501 (de l'opéra Henry VIII)
285 2525 1741 2610 Vendredi-Saint (1er Avril), à 8 hs. du soir, pour la clôture des Concerts d’Hiver :
437 2603 1739 2673 Audition de musique sacrée de l'ETTR BENOIT. — Solistes, Chœur Mixte,
443 2650 809 2712 Orgue et Orchestre.
280 2719 1670 2806 N.-B.— On ne pourra retenir sous aucun prétexte des places non occupées.
