2056 3224
624 477 1547 602 M. Léandre VILain
948 636 1233 706 ORGANISTE
841 711 1325 790 nommuun
465 823 1762 897 Né à Trazegnies, en 1866, M. Léandre Vilain fit ses premières
410 894 1759 965 études à l’Ecole de musique religieuse de Malines, dirigée par
417 950 1766 1036 M. Lemmens. Il entra bientôt au conservatoire de Bruxelles,
410 1013 1759 1099 au cours de M. Alphonse Maily, et ne tarda pas à s’y distinguer
419 1101 1764 1165 En 1886, il y remporta le premier prix d’orgue avec distinction,
410 1164 1058 1250 et en 1889 le prix d’excellence.
468 1221 1766 1310 M. Vilain entrait donc dans la carrière, solidement armé pour
410 1284 1767 1365 la lutte ; sa nomination à Ostende, en 1890, où il reprenait la
417 1364 1766 1438 lourde succession du réputé virtuose Auguste Wiegand, vint
417 1432 1769 1505 fournir à son jeune talent un champ d’activité et lui donner
416 1494 1332 1578 l’occasion de se manifester et de s’épanouir.
468 1557 1769 1649 Ici commence cette vie de labeur artistique consacrée à l’étude
417 1637 1776 1706 des maîtres de la musique en général, et en particulier de ceux
417 1708 1774 1790 qui on écrit pour l’orgue. C’est ainsi que M. Léandre Vilain a
427 1757 1776 1866 pu s’assimiler la littérature de l’instrument, depuis les glorieux
417 1852 1766 1930 ancêtres Palestrina, Buxtehude, Purcell, jusqu’aux contempo¬
419 1920 1774 1980 rains Franck, Mailly, Boëllmann, Lemmens, Gigout, Guilmant,
429 1995 1769 2064 Widor, Saint-Saëns, sans oublier Mendelssohn, Schumann,
426 2047 814 2124 Best, Hesse, etc...
470 2114 1774 2180 Que dans ce répertoire la place d’honneur soit occupée par
417 2176 1774 2249 Jean-Sébastien Bach, rien d'étonnant, puisque J -S. Bach, selon
417 2232 1778 2315 la parole de Gevaert, était non pas un musicien, mais la Musique,
416 2305 1778 2400 et que l’organiste qui ne fait pas de l'œuvre du Cantor de
429 2370 1683 2453 Leipzig son pain quotidien, ne mérite pas le nom d’artiste.
483 2436 1773 2510 Quelle somme de travail, quel effort d’intelligence n’a-t-il pas
417 2505 1778 2597 fallu à M. Vilain pour pénétrer toutes ces œuvres, si différentes
