2056 3224
313 306 1656 389 de style et de caractère, et que cet organiste joue avec cette
304 381 1661 453 technique sûre, cette maëstria qui lui a valu tant de succès,
306 450 1654 526 tant à l’étranger que dans ses remarquables récitals du Kursaal.
357 519 1657 602 Nommé professeur au Conservatoire Royal de Gand, en
304 585 1661 651 septembre 1902, M. Léandre Vilain parcourt, entre temps,
306 663 1657 734 l’Europe soit pour des Récitals d’orgue, soit peur des inaugura¬
313 722 1661 785 tions de cet instrument. Il est successivement acclamé en
306 788 1661 861 France, en Belgique, en Hollande et surtout en Angleterre, à
313 866 1657 930 Londres (Palais de Cristal), au Queen’s Hall, àierschester, à
309 923 1466 1005 Bradfort, etc., à Rome à l’Académie de Sainte-Cécile.
357 984 1657 1059 C’est Mr Léandre Vilain qui inaugura, le 6 Novembre 1901.
306 1062 1610 1157 l’orgue de la Salle des Fêtes de la Société Royale de Zoologie.
