2056 3224
436 281 1576 387 Koninklijke Maatschappij van Dierkunde
765 385 1247 486 VAN ANTWERPEN
276 457 1735 550 ̃ ̃ 1  =================.................................  ==================
431 546 1603 670 Woensdag 30 Maart 1904, te 8 uren s avonds
274 641 1689 864 Symfonisch Concer
298 867 1748 950 DOOR HET ORKEST DER MAATSCHAPPIJ
444 944 1578 1068 onder de leiding van M. ED kan DeurveLS
740 1045 1286 1127 EN MET DE MEDEWERKING VAN
491 1098 1527 1202 den Heer Leander VILain, Orgelist,
506 1205 1532 1273 Leeraar aan het Koninklijk Conservatorium van Gent,
455 1266 1569 1357 Orgelist der Hoofdkerk en van het Kuurhuis t Oostende.
953 1337 1061 1446 R
778 1446 1251 1578 programma
279 1592 909 1680 I. Tannhäuser-Ouvertüre
1246 1582 1645 1673 RICH. WAGNER
1246 1660 1748 1770 FEL. MENDELSSOHN
279 1686 698 1762 2. Orgetsonata
404 1733 1041 1808 A)Allegro moderato ; B) Andante ;
404 1790 1041 1859 c) Allegretto ; n) Finale (Allegro).
1258 1835 1627 1930 G. F. HAENDEL
285 1846 899 1941 3. Largo (Orgel en orkest).
1246 1914 1602 2003 JOH. S. BACH
285 1919 1017 2022 4. Voorspel en fuga in G moll)
1260 1992 1633 2089 G. F. HAENDEL
289 2002 831 2098 5. Aria met varatiën
1255 2071 1720 2171 CAM. SAINT-SAENS
294 2073 908 2164 6. 3e Symfonie (in C moll)
491 2133 1512 2221 Orgel en orkest (Iste uitvoering te Antwerpen)
402 2204 1293 2272 1. Adagio. — Allegro moderato. — Poco adagio,
402 2246 1618 2312 2. allegro moderato. — Presto. — Allegro moderato. – Maestoso.
1253 2308 1534 2391 L. THIELE
292 2307 849 2403 7. Thema met varatiën
1258 2376 1722 2478 CAM. SAINT-SAENS
285 2391 835 2491 8. Marsch der Synode
486 2454 1200 2555 (uit het zangspel Henry VIII)
290 2593 1742 2659 Goede-Vrijdag (1 April), te S uren ’s avonds, voor het sluiten der Winter-
449 2648 1702 2703 concerten : Uitvoering van gewijde muziek van PETER BENOIT.
449 2688 1216 2745 Solisten, Gemengd Koor, Orgel en Orkest.
294 2765 1759 2827 N.-B.— Niet ingenomen plaatsen mogen onder geen voorwendsel voorbehouden
446 2811 608 2896 worden.
1107 2827 1662 2926 F. Janssens-Anthonis. — Antwerpen.
