2056 3224
802 330 1492 468 programme
477 488 1196 566 I. O salutaris hostia. — Choral.
632 554 1395 617 Grand Chœur Mixte, Orgue et Orchestre.
477 591 1189 667 2. a) Tota pulchra es, Maria
638 659 1072 721 Sopiano-solo et Orgue.
641 689 1507 763 Sopiano-solo: Mmo Ap. LUNDGREN-PIQUEUR.
561 761 1114 824 b) O gloriosa Virginum
638 794 1261 874 Soli, Chœur de Femmes et Orgue
637 829 1539 913 Solistes: Mlle ΕM. PETIJON et Mme M. COSTERS.
564 904 1123 982 c) Sub tuum præsidium
638 932 1734 1030 Grand Chœur Mixte, Chæur d'Enfants, Orgue et Orchestre.
558 1013 1004 1085 a) Panis angelicus
643 1048 1375 1129 Ténor-solo, Chœur d’Enfants et Orgue.
638 1114 1112 1178 Soliste: Mr L. SwOLFS.
564 1166 1294 1230 b) Adeste fideles. — Chant de Noël.
638 1228 1419 1282 Solo-d’Eufant, Chœur d’Enfants et Orgue.
638 1272 1195 1335 Soliste : Mr THÉop. CORTOOS.
561 1323 911 1392 c) Rorate cœli
647 1357 1272 1440 Solo, Petit Chœur Mixte et Orgue.
638 1422 1144 1491 Soliste : Mlle EN. PETIJON.
482 1474 922 1548 4. a) O crux ave!
647 1527 1240 1596 Soli, Chœurs d’Hommes, Orgue.
641 1576 1552 1651 Solistes: MM. L. SwolffS et Fr.HERREBRANT.
570 1632 1246 1696 b) Anna Redemptoris Mater
644 1704 1410 1774 Grand Chœur Mixte, Orchestre et Orgue.
632 1896 1141 1980 Lauda Sion. — Choral.
650 1973 1761 2033 Grand Chœur Mixte, Chæur d’Enfants, Orchestre et Orgue.
638 2025 1073 2084 Victimæ Paschali
653 2070 1860 2124 Solo d'Enfant, Chœur d’Enfants, Grand Choeur Mixte, Orchestre
692 2121 878 2186 et Orgue.
632 2169 1162 2243 Regina coeli, laetare!
653 2234 1853 2291 Soli d’Enfants, Chœur d'Entants, Grand Chæur Mixte, Orchestre
691 2282 874 2343 et Orgue.
626 2324 1811 2387 Te Deum laudamus (3e Partie de la Tétralogie Religieuse)
649 2382 1596 2458 Petit et Grand Chœurs Mixtes, Orchestre et Orgue.
1009 2527 1252 2641 xx
