2056 3224
667 394 1169 496 O salutaris hostia
270 548 1645 619 O salutaris hostia, quae caeli pandis ostium: bella premunt hostilia, da robur
184 604 1654 675 fer auxilium. Uni trinoque Domino sit sempiterna gloria : qui vitam sine termino
184 651 586 729 nobis donet in patria.
180 872 301 963 2. a)
584 883 1255 981 Tota pulchra es, Maria
264 998 1665 1097 Tota pulchra es Maria et macula originalis non est in te. Tu gloria
180 1076 1665 1138 Terusalem, tu laetitia Israël, tu honorificentia populi nostri, tu advocata peccatorum.
171 1132 1665 1193 Maria, Virgo prudentissima, ora Pro nobis, intercede pro nobis ad Dominum
184 1175 507 1251 Jesum Christum.
195 1273 1664 1355 *   =================
684 1394 1193 1481 O salutaris hostia
230 1524 909 1595 O victime de notre salut, qui nous
981 1519 1658 1604 O offer onzer zaligheid, gij, die voor
197 1576 911 1643 ouvrez les portes du ciel, — de cruels
942 1586 1610 1643 ons de poorten des hemels opent,
197 1621 911 1704 ennemis vous assiègent, fortifiez-neus
948 1626 1662 1699 hardnekkige vijanden bestrijden ons,
197 1677 526 1738 et secourez-nous
942 1682 1660 1747 geef ons kracht, kom ons ter hulp!
230 1708 900 1790 Gloire éternelle au Dieu unique en
948 1734 1662 1796 Aan den eenigen drievoudigen God zij
190 1773 896 1831 trois personnes : qu’il nous accorde
948 1783 1658 1835 in alle eeuwigheid glorie; hij verleene
191 1818 901 1903 une vie sans fin dans la céleste patrie
952 1822 1665 1900 ons een leven zonder einde in het
954 1870 1169 1955 vaderland!
184 2112 296 2190 2. a)
580 2108 1221 2219 Tota pulchra es, Maria
76 2197 197 2309 2
230 2266 911 2325 Vous êtes toute belle, Marie, et la
983 2257 1660 2323 Gij zijt gansch schoon, Maria, en de
190 2320 905 2379 tache du péché originel n’est pas en
948 2325 1658 2377 vlek der erfzonde is niet in U. Gij zijt
195 2366 905 2424 vous. Vous êtes la gloire de Jérusalem,
942 2366 1660 2424 Jerusalem's roem, gij zijt Israël’s
197 2415 911 2463 vous êtes la joie d’Israël, vous étes
948 2415 1649 2468 vreugde, gij zijt de eer van ons volk
195 2461 900 2528 l’honneur de notre peuple, vous qui
942 2459 1621 2511 gij, de voorspreekster der zondaren.
191 2517 803 2571 intercédez pour les pécheurs.
948 2507 1662 2576 O Maria, allervoorzichtigste Maagd, bid
195 2554 901 2615 Marie, Vierge très prudente, priez pour
954 2556 1654 2626 voor ons, spreek voor ons ten beste bij
195 2608 909 2662 nous, intercédez pour nous auprès du
948 2604 1392 2688 den Heer Jezus Kristus!
195 2654 626 2729 Seigneur Jésus Christ!
