2056 3224
839 363 1448 467 O gloriosa Virginum
404 371 533 459 2. b)
487 493 1884 574 O gloriosa Virginum, sublimis inter sidera, qui te creavit parvulum, lactente
410 577 1893 640 nutris ubere.— Quod Eva tristis abstulit, tu reddis almo germine: intrent ut
413 637 1882 699 astra febiles, caeli recludis cardines. Tu Regis alti jauua, et aula lucis fulgida:
413 690 1891 764 vitam datam per Virginem gentes redemptae plaudite. Jesu, tibi sit gloria, qui
410 744 1812 821 natus es de Virgine, cum Patre, et almo Spiritu, in sempiterna saecula. Amen.
400 1037 515 1113 2. c)
838 1033 1454 1124 Sub tuum præsidium
487 1188 1887 1271 Sub tuum praesidium confugimus, sancta Dei Genitrix, nostras deprecationes
410 1264 1884 1339 ne despicias in necessitatibus, sed a periculis cunctis libera nos semper. Virgo
413 1319 803 1402 gloriosa et benedicta.
423 1437 1873 1517 uudestuuduutuauwuwuwaauwom
411 1506 526 1607 2. b)
867 1513 1446 1607 O gloriosa Virginum
1216 1609 1882 1677 O glorierijke Maagd, verheven boven
437 1603 1137 1679 O Vierge pleine de gloire, qui domenez
419 1673 1133 1718 les astres, votre propre Créateur
1175 1659 1886 1720 de sterren, uw eigen Schepper wordt
1177 1708 1886 1758 uw kind, gevoed met uwe moedermelk.
415 1710 1124 1766 devient votre enfant, nourri à votre sein
1184 1756 1875 1795 — Wat Eva droevig ons ontnam, her¬
415 1749 1129 1791 maternel. — Ce qui nous fut enlevé
1177 1784 1886 1830 stelt gij door uw eedlen telg: tot
419 1786 1129 1843 hélas! par Eve, vous le rétablissez par
424 1834 1129 1878 votre noble descendant : au banni vous
1175 1821 1875 1878 intrede van den banneling ontsluit gi¬
423 1869 1135 1917 ouvrez les portes du ciel. — Vous êtes
1175 1863 1886 1908 hem de hemelpoort. — Gij zijt des
1175 1900 1884 1950 Opperkonings deur en ’t glansportaal
423 1904 1127 1954 la porte du Roi des rois et le portai
1177 1946 1891 1989 van ’t eeuwig licht : het leven dat de
419 1943 1133 1993 rayonnant de la lumière éternelle : les
1175 1978 1884 2035 Maagd ons schenkt wordt door de ont¬
432 1989 1133 2037 peuples rachetés applaudissent à la vie
1177 2024 1878 2070 slaafde volken toegejuicht. Jezus, U zi,
423 2030 1135 2076 que leur donne la Vierge. Jésus, soyez
424 2059 1129 2113 louangé, vous qui êtes né de la Vierge,
1173 2057 1884 2114 lof, die uit de Maagd geboren zijt, te
423 2098 1137 2146 avec le Père et le Saint Esprit, dans les
1172 2100 1889 2149 zamen met den Vader en den Geest, in de
424 2137 959 2208 siècles éternels. Ainsi soit-il.
1177 2140 1891 2208 altijddurende eeuwigheid. Zoo zij het.
410 2297 522 2410 2. c)
893 2328 1183 2402 Sub tuum
1212 2330 1506 2408 praesidium
458 2422 1129 2493 Sous votre égide nous nous réfugions,
1214 2424 1884 2496 Onder uwe bescherming nemen wi¬
423 2483 1135 2529 sainte Mère de Dieu, — n’écartez pas les
1172 2474 1863 2529 onze toevlucht. heilige Moeder Gods,
428 2522 1133 2577 pr ères que nous vous adressons dans
1175 2520 1887 2577 verstoot onze beden niet in den nood,
423 2553 1135 2616 la peine, mais délivrez-nous toujours
1175 2557 1884 2609 maar bevrijd ons immer van alle
424 2601 1137 2668 de tous les dangers. Vierge glorieuse et
1175 2601 1893 2666 gevaren. Glorierijke en gezegende
421 2637 554 2699 bénie.
1175 2640 1323 2708 Maagd.
