2056 3224
447 335 569 423 3. c)
1003 342 1379 433 Rorate coeli...
530 466 1928 549 Rorate, caeli desuper, et nubes pluant justum. Ne irascaris Domine, ne ultra
458 547 1926 609 memineris iniquitatis. — Ecce civitas sancta facta est deserta ; Sion deserta facto
458 589 1933 670 est. Jerusalem desolata est, domus sanctificationis tuæ, gloriae tuae, ubi laudaverunt.
460 646 762 724 te patres nostri.
536 709 1926 777 Consolamini, consolamini, popule meus, cito veniet salus tua Quare maerore
451 768 1926 847 consumeris? Quare innovavit te dolor? Salvabo te, noli timere: ego enim sum
458 823 1401 908 Dominus Deus tuus, Sanctus Israël, redemptor tuus.
442 1057 562 1129 4. a
992 1061 1381 1156 O crux, ave!
525 1199 1917 1270 o crux ave, spes unica, hoc passionis tempore auge piis justitiam, reisque
446 1256 1926 1326 dona veniam. Te summa Deus Trinitas, collaudet omnis spiritus: quos per crucis
449 1305 1199 1396 mysterium salvas, rege per saecula. Amen.
488 1418 1902 1484 ennuksi
436 1479 552 1563 3. c)
985 1486 1363 1580 Rorate coeli...
492 1571 1162 1644 Cieux, laissez tomber la rosée et que,
1228 1576 1902 1648 Dauwt, hemelen, en dat uit de woll-
447 1611 1162 1683 comme la pluie, le juste descende de
1199 1624 1911 1690 ken, als de regen, de rechtvaardige
449 1672 1151 1722 vos nuages. — Ne Te courrouce pas
1200 1668 1451 1723 nederdale. —
1473 1676 1904 1731 Vergram U niet, Heer
449 1701 1160 1757 Seigneur, ne Te souviens pas plus
1200 1720 1900 1771 gedenk niet langer onze ongerechtig
446 1736 1153 1793 longtemps de notre injustice. Vo.ci que
1200 1755 1908 1804 heid. Zie, de heilige stad is geworden
440 1782 1156 1825 la ville sainte s’est transformée en aé¬
1200 1793 1904 1841 tot eene woestijn; Sion is verlaten er
438 1815 1151 1876 sert ; Sion est abandonnée et Jérusalem,
1193 1836 1911 1891 Jerusalem is in weedom gedompeld, het
442 1863 1153 1920 est plongée dans la désulation, elle, la
1193 1865 1906 1941 huis uwer heiligheid en uwer glorie,
438 1891 1153 1968 demeure de Ta sainteté et de Tagloire,
1200 1909 1744 1963 waar onze vaderen U loofden.
438 1941 978 1987 où nos pères Te louangèrent.
1243 1935 1906 2005 Weesgetroost, wees getröost, mijn
482 1978 1145 2027 Sois consolé, sois consoté, mon peuple
1197 1992 1906 2044 volk, weldra komt uw heil. Waarom in
440 2018 1156 2066 bientôt viendra ton salut. Pourquoi se
1193 2029 1902 2077 treurnis verkwijnen? Waarom heeft
440 2053 1156 2105 consumer dans l’affliction? Pourquoi à
1193 2066 1902 2128 de droefheid opnieuw u overvallen?
440 2095 1149 2145 nouveau la douleur t’accable-t-elle
1195 2099 1906 2163 Ik zal u redden, vrees niet: immers, ik
435 2125 1153 2182 Je te sauverai, ne crains pas : ne suis-je
1189 2143 1908 2222 ben de Heer uw God, de Heilige Israëls,
440 2167 1147 2224 -pas, en effet, le Seigneur, tou Dieu, le
1193 2184 1460 2257 uw verlosser!
435 2206 1037 2278 Saint d'Israël, ton rédempteur?
429 2246 547 2333 4. a)
978 2268 1364 2357 O crux, ave!
468 2337 1145 2421 Salut, o Croix, notre éternel espoir;
1237 2346 1902 2438 Wees gegroet, o Kruis, onze eenige
425 2394 1143 2460 assure aux justes, en ce temps de
1188 2407 1896 2469 hoop ; vermeerder in dezen lijdenstijd
427 2451 1138 2493 souffrance, plus de justice et verse le
1180 2465 1895 2504 der rechtvaardigen gerechtigheid, en
436 2480 1136 2537 pardon au coupable. Vous, Seigneur,
1180 2497 1898 2552 schenk den schuldige vergeving. U,
431 2508 1136 2572 Trinité suprême, soyez louangé par
1180 2535 1902 2604 God, allerhoogste Drievuldigheid, love
422 2548 1147 2609 tout esprit; régnez à travers les siècles
1178 2576 1895 2627 alle geest; beheer de eeuwen door
420 2604 1138 2659 sur ceux que vous sanctifiez par le
1178 2615 1891 2681 degenen,die gij zaligt door het mysterie
425 2637 1037 2710 mystère de la croix. Ainsi soit-il.
1182 2653 1666 2727 van het Kruis. Zoo zij het.
