2056 3224
143 346 253 432 4. d)
500 357 1233 458 Alma Redemptoris Mater
218 443 1618 530 Alma Redemptoris Ma'er, quae pervia caeli porta manes et stella maris,
145 519 1618 577 succure cadenti, surgere qui curat populo : tu quae genuisti, natura mirante, tuum
145 564 1618 621 sanctum Genitorem, Virgo prius ac posterius Gabrielis ab ore sumens illud Ave,
139 603 535 684 peccatorum miserere.
729 755 1072 845 Lauda Sion
612 836 1054 903 Lauda Sion Salvatorem.
612 892 1087 946 lauda Ducem et Pastorem
612 929 1015 986 in hymnis et canticis :
612 969 1158 1032 Quantum potes, tantum aude:
616 1010 1045 1063 quia major omni laude:
616 1048 971 1105 nec laudare sufficis.
612 1089 1043 1136 Laudis thema specialis,
616 1127 1001 1187 panis vivus et vitalis
612 1164 927 1219 hodie proponitur
612 1211 1114 1268 quem in sacræ mensa cœnœ,
612 1246 1059 1297 turbae fratrum duodenae.
616 1286 1017 1336 datum non ambigitur.
619 1323 1085 1376 Sit laus plena, sit sonora,
616 1358 1039 1420 sit jucunda, sit decora
612 1402 935 1470 mentis jubilatio.
462 1439 1618 1510 wenn wenn edele
152 1506 257 1596 4. b)
519 1523 1252 1607 Alma Redemptoris Mater
957 1620 1618 1695 Verhevene Moeder des Verlossers
189 1625 872 1701 Mère auguste du Rédempeur, porte
914 1677 1624 1734 immer opene deur des hemels en ster¬
159 1682 876 1739 du ciel toujours ouverte, étoile de la
914 1721 1624 1765 der zee, kom ter hulp aan een volk dat
159 1726 867 1776 mer, venez au secours d’un peuple qui
918 1759 1622 1800 op wil staan van zijnen val. Gij die, tot
163 1759 861 1807 veut se relever de ses chutes. Vous qui
913 1798 1618 1851 bewondering der natuur, uwen heiligen
169 1796 863 1853 par un prodige dont s’étonne la nature
913 1838 1625 1882 Schepper hebt gebaard, zonder op te
154 1838 861 1887 avez enfanté votre Créateur sans cesser
913 1869 1625 1924 houden maagd te wezen, — Gij, die
159 1880 869 1926 d’être vierge; vous qui avez reçu cette
913 1915 1618 1963 van Gabriël dien heerlijken groet ont¬
159 1919 867 1974 glorieuse salutation de l’ange Gabriel
913 1952 1552 2014 vingt, ontferm u over de zondaars.
161 1953 607 2027 ayez pitié des pécheurs.
911 2034 1061 2120 Sion
696 2032 891 2118 Lauda
955 2118 1627 2190 Roem, Sion, uwen Zaligmaker, roem
202 2129 869 2192 Sion, glorifie ton Sauveur, glorifie
913 2177 1618 2239 uw Hoofd en uwen Herder, in lofzan-
92 2157 878 2259 ton Chef et ton Pasteur, en des hymnes
918 2214 1230 2274 gen en liederen!
167 2223 478 2276 et des cantiques!
957 2237 1624 2303 Zooveel het in uwe macht is, loof
202 2237 870 2309 De toutes tes forces, glorifie-le,parce
922 2285 1627 2342 Hem, want Hij overtreft allen lof, en
169 2303 863 2347 qu’il est plus grand que toute louange
918 2342 1451 2384 nooit is Hij genoeg geprezen
167 2340 876 2402 et jamais tu ne saurais suffisamment
955 2355 1624 2419 Uw lofzang geldt heden het levend
159 2375 377 2430 le glorifier
914 2408 1622 2456 en levenbrengend brood, dat in het
194 2402 867 2472 Aujourd'hui, le thème de ta louange
913 2456 1627 2507 Heilig Avondmaal gegeven werd aan
163 2456 872 2512 est le pain de vie et v vifiant, qui, à la
914 2489 1622 2549 de twaalf broederen, naar ons geloof.
159 2501 867 2555 Sainte-Cène, fut donné aux douzes
966 2522 1616 2571 Weze uw prijslied plechtig, luid¬
163 2529 610 2591 frères, d’après notre foi.
922 2553 1627 2609 klinkend; weze aangenaam en schoon
194 2564 858 2622 Que ta louange soit pleine et sonore
914 2604 1402 2672 uw jubelende hartekreet!
159 2597 863 2659 que la jubilation de ton âme soi
163 2650 484 2721 joyeuse et belle!
