2056 3224
948 300 1431 399 Vitimæ Paschali
512 414 1901 481 Victimae Paschali laudes immolent christiani. Agnus redemit oves: Christus
434 478 1896 547 innocens Patri reconciliavit peccatores Mors et vita duello conflixere mirando
434 531 1896 600 dux vitae mortuus regnat vivus. Dic nobis Maria, quid vidisti in via? Sepulcrum
443 598 1900 666 Christi viventis, et gloriam vidi resurgentis. Angelicos testes, sudarium et vestes.
434 662 1905 732 Surrexit Christus spes mea : præcedet vos in Galilæam. Scimus Christum
432 716 1749 774 surrexisse a mortuis vere : tu nobis victor Rex miserere. Amen. Alleluia.
858 952 1466 1043 Regina Coeli, laetare!
816 1076 1351 1166 Regina caeli, laetare, alleluia.
822 1158 1499 1226 Quia quem meruisti portare, alleluia.
822 1208 1402 1285 Resurrexit sicut dixit, alleluia.
825 1265 1365 1338 Ora pro nobis Deum, alleluia.
465 1369 1903 1437 ennuksi.
910 1429 1424 1519 Victimæ Paschale
474 1508 1147 1581 Que les Chrétiens louangent la
1232 1502 1898 1579 Aan het Paaschoffer weze der Kris-
452 1557 1149 1614 Victime Pascale. L’Agneau racheta les
1193 1559 1900 1632 tenen hulde geboden. Het Lam was de
426 1598 1149 1656 brebis: Christe, l'innocent, réconcilia
1188 1605 1900 1656 losprijs der schapen: Kristus, de
434 1643 1142 1696 les pécheurs avec le Père. La mort et la
1180 1643 1901 1698 schuldelooze, verzoende de zondaars
434 1682 1146 1735 vie se livrèrent un combat merveilleux:
1180 1689 1901 1733 met den Vader. Dood en leven streden
434 1718 1142 1771 lui, qui règne sur la vie, mourut, mais
1186 1724 1894 1779 een wonderen tweestrijd: hij, die he
436 1760 1144 1815 règneà nouveau, vivant — Dites-nous,
1190 1762 1901 1825 leven beheerscht, stiert, maar regeert
430 1799 1140 1856 Marie, que vites-vous le long du che¬
1193 1804 1900 1850 weer levend — Zeg ons, Maria, wat
434 1832 1147 1883 min? — Ja vis la tombe du Christ
1190 1837 1901 1890 zaagt gij langs den weg? — Ik zag het
434 1876 1149 1925 vivant et la gloire du Ressuscité; je
1193 1879 1905 1931 grat van den levenden Kristus en de
434 1923 1142 1967 vis les Anges comme témoins, et le
1188 1923 1890 1964 heerlijkheid van den Verrezene; Enge
437 1958 1149 2002 suaire et les vêtements. — Christ, mon
1188 1960 1900 2008 len zag ik als getuigen, den zweetdoek
428 1997 1149 2039 espoir, est ressuscité : Il vous précède
1190 2004 1896 2051 en de kleederen.— Verrezen is Kristus,
430 2037 1147 2077 en Gallilée. — Nous savons que Christ
1188 2040 1881 2097 mijne hoop: Hijgaatu voor in Galilea. -
432 2064 1142 2121 est véritablement revenu de la mort à
1197 2079 1903 2128 Wij weten dat Kristus waarlijk van den
434 2114 1138 2165 la vie. Vous, notre Roi et notre vain¬
1188 2123 1909 2176 dood verrezen is. Gij, onze Koning
437 2150 1142 2216 queur, ayez pitié de nous. Ainsi soit-il.
1188 2161 1956 2225 overwinnaar, ontferm u onzer. Zoo zij
434 2189 600 2253 Alleluia
1193 2194 1457 2256 het. Alleluia.
856 2331 1457 2432 Regina Coeli, laetare!
476 2421 1142 2491 Vorstin des hemels,verheug u, alle¬
1228 2430 1900 2496 Reine du ciel, réjouissez- vous,
428 2472 1151 2531 luia, want Hij, dien gij waardig waart
1188 2489 1900 2536 alleluia, puisque Celui que vous avez
434 2522 1147 2569 te dragen, alleluia, is verrezen naar zijn
1188 2525 1900 2571 mérité de porter dans votre sein
434 2566 1147 2624 dood, alleluia! bid God voor ons,
1188 2564 1894 2615 alleluia, est ressuscité comme il l'a dit
428 2595 604 2652 alleluia!
1188 2606 1775 2668 alleluia. Priez Dieu pour nous.
