2056 3224
617 380 1206 479 Te Deum laudamus
255 507 1648 623 Te Deum laudamus: te Dominum confitemur. Te aeternam Patrem, omnis
176 609 1648 687 terra veneratur. Tibi omnes Angeli, tibi caeli et universae potestates. Libi Cherubim
178 668 1648 742 et Seraphim incessabili voce proclamant : Sanctus, Sanctus. Sanclus. Dominus Deus
176 742 1645 812 Sabaoth. Pleni sunt caeli et terra majestatis gloriae tuae. Te gloriosus Apostolorum
176 819 1643 888 chorus, te Prophetarum laudabilis numerus, te Martyrum candidatus laudat
180 863 1645 946 exercitus. Te per orbem terrarum sancta confitetur Ecclesia, Patrem immensae
174 941 1645 1024 majestatis. Venerandum tuum verum et unicum Filium, sanctum quoque Paracli¬
178 1011 1648 1096 tum Spiritum. Tu rex gloriae christe. Tu Patris sempiternus et Filius. Tu, ad
127 1065 1650 1162 Tiberandum suscepturus hominem, non horuisti virginis uterum. Tu, devicto mortis
174 1143 1652 1217 aculeo, aperuisti credentibus regna caelorum. Tu addexteram Dei sedes, in gloria
178 1217 1645 1310 Patris. Judex cruderis esse venturus. Te ergo quaesumus, tuis famulis subveni, quos
184 1294 1648 1364 pretioso sanguine redemisti. Æterna fac cum sanctis tuis in gloria numerari.
178 1359 1648 1440 Salvum fac populum tuum, Domine, et benedic haereditati tuae. Et rege eos, et
204 1459 1276 1542 ¬
1330 1470 1624 1554 nommen.
625 1550 1204 1650 Te Deum laudamus
221 1639 903 1713 Nous Vous louons, grand Dieu, nous
975 1639 1654 1718 U God loven wij : wij belijden U als
189 1694 908 1760 Vous reconnaissons pour notre Seigneur.
935 1711 1654 1756 onzen Heer. Eeuwige Vader, de gansche
187 1735 897 1787 Père éternel, la terre entière Vous
937 1749 1652 1800 wereld eert U. Al de engelen en al de
184 1775 891 1828 révère. Tous les anges, les cieux et
935 1781 1639 1838 hemelsche machten, de cherubijnen
184 1821 891 1872 toutes les puissances, les Chérubins et
937 1828 1639 1887 en de serafijnen zingen den eeuwigen
182 1853 901 1919 les Séraphins chantent à Votre gloire
939 1864 1643 1917 lofzang : Heilig, heilg, heilig is de
187 1892 888 1945 l’hymne sans fin : Saint, Saint-Saint
935 1906 1652 1951 Heer, de God der heerscharen! Hemel
185 1934 895 1991 le Seigneur, le Dieu des armées. Les
935 1947 1643 1997 en aarde zijn vol van Uwe heerlijkheid.
184 1980 901 2025 cieux et la terre sont pleins de la
935 1985 1643 2033 Het glorierijke koor uwer Apostelen, de
187 2012 889 2059 majesté de Votre gloire. Le chœur
933 2017 1643 2070 roemwaardige schaar uwer Profeten,
187 2051 895 2104 glorieux des Apôtres, la troupe illustre
935 2067 1645 2110 het glansrijke leger uwer Martelaren,
184 2097 893 2142 des Prophètes, la brillante armée des
935 2097 1645 2154 allen verbreiden uwen lof. Over geheel
187 2127 895 2178 Martyrs font monter vers Vous l’hymne
942 2140 1639 2182 de aarde behjdt de heilige Kerk U
191 2171 893 2218 de louanges. Dans tous les lieux que le
942 2171 1643 2227 Vader vol ontzagwekkende majesteit,
104 2178 899 2280 soleil éclaire, l’Eglise Vous reconnaît
939 2212 1652 2265 Uwen waren en eenigen Zoon vereert
195 2243 899 2296 Vous, 6 Père, dont la majesté est
939 2256 1646 2305 zij te zamen met den heiligen Geest,
184 2282 893 2332 infinie, Votre Fils unique et véritable,
939 2290 1639 2335 den Vertrooster. Gij zijt de Glorieko-
189 2324 899 2375 digne de tout respect, et le Saint-Esprit,
942 2332 1643 2377 ning,. Kristus, Gij zijt de eeuwige Zoon
189 2360 889 2407 le consolateur par excellente. O Christ
939 2371 1639 2413 des Vaders. Om het menschdom uit de
197 2398 899 2449 Vous êtes le Roi de gloire, Vous ètes le
942 2409 1652 2455 slavernij te bevrijden, hebt Gij niet
189 2434 897 2487 Fils éternel du Père. Pour délivrer
944 2445 1645 2492 gegruwd van den schoot eener maagd.
189 2470 893 2523 l’homme de l’esclavage, Vous n’avez
939 2491 1633 2536 Door uwe zegepraal over de dood
195 2517 897 2566 pas dédaigné le sein d'une Vierge. Par
939 2521 1643 2570 opendet Gij het hemelsche rijk voor
185 2555 889 2610 la victoire que Vous avez remportée
935 2561 1643 2610 hen die in U gelooven. Gij zijt gezeten
184 2581 901 2642 sur la mort, Vous avez ouvert le ciel à
935 2598 1643 2661 aan Gods rechterhand, in de heerlijheid
189 2631 889 2676 ceux qui croient en Vous. Vous êtes en
935 2640 1643 2684 des Vaders. Wij gelooven dat Gij zult
195 2670 903 2740 possession de la gloire de Dieu, à la
939 2674 1643 2744 komen als Rechter. Wij smeeken U dus,
