2056 3224
431 277 1898 380 extolle illos, usque in aeternum. Per singulos dies, benedicimus te, et laudamus
433 358 1896 438 nomen tuum in sæculum, et in saeculum saeculi. Dignare, Domine, die isto, sine
435 425 1898 519 peccato nos custodire, miserere nostri. fiat misericordia tua, Domine, super nos,
425 499 1902 585 quemadmodum speravimus in te. In te, Domine, speravi : non confundar in
427 550 609 625 aeternum.
435 649 1878 730 nommen wollen.
424 752 1141 831 droi e de Votre Père. Vous viendrez un
1174 776 1891 847 kom hen ter hulp, die Gij vrijkocht
429 812 1135 866 jour juger l'univers; nous le croyons
1175 823 1883 886 met uw kostbaar bloed. Dat zij eeuwig-
427 862 1135 910 fermement Nous Vous en supplions,
1175 869 1891 924 lijk gerekend worden tusschen uwe
431 891 1137 943 Seigneur, venez au secours de ceux
1177 902 1885 955 heiligen in de oneindige glorie. Red uw
427 933 1131 988 que Vous avez rachetés au prix de
1175 944 1889 996 volk, Heer, en zegen uw erfdeel.Geleid
427 963 1133 1018 Votre sang. Qu'ils soient comptés
1175 977 1872 1036 onze stappen, en steun ons tot in d
425 1005 1130 1056 parmi Vos Saints dans la gloire éter¬
1175 1020 1909 1076 eeuwigheid. lederen dag zegenen wij
420 1054 1126 1113 nelle. Sauvez Votre peuple, Seigneur
1175 1056 1887 1115 U, en prijzen immer Uwen naam in de
422 1080 1130 1139 et bénissez votre héritage. Guidez
1175 1104 1891 1161 eeuwen der eeuwen Wil, Heer, ons
425 1122 1131 1185 leurs pas et soutenez-les jusqu’à ce
1174 1131 1876 1192 heden bewaren van zonde. Ontferm
425 1157 1124 1214 qu'ils arrivent à l'éternelle gloire
1166 1185 1891 1232 over ons, Heer, ontferm U onzer. Laat
422 1199 1137 1254 Chaque jour nous Vous bénissons, nous
1175 1218 1881 1271 uwe barmhartigheid over ons komen,
420 1234 1130 1304 louons Votre nom à jamais, dans tous
1170 1254 1876 1311 Heer, zooals wij in U hebben vertrouwd
427 1271 1124 1333 les sièoles des siècles. Daignez
1172 1296 1878 1346 In U, Heer, heb ik gehoopt, in den
416 1315 1126 1370 Seigneur, nous préserver aujourd’hui
1172 1326 1881 1405 eeuwigheid zal dat mij niet beschamen.
414 1350 1130 1416 du malheur de Vous offenser. Ayez
416 1401 1120 1449 pitié de nous, Seigneur, ayez pitié de
416 1436 1131 1491 nous. Répandez sur nous, Seigneur,
418 1471 1131 1520 Votre miséricorde, selon que nous
409 1513 1126 1570 avons espéré en Vous. J’ai mis en vous,
416 1550 1131 1627 Seigneur, toute mon espérance : je ne
413 1584 836 1658 serai jamais confondu.
1069 2054 1225 2223 J
