2056 3224
473 255 1535 381 Société Royale de Zoologie d'Anvers
255 444 1715 528 ( wenn Mutter M. M. A. R. O. M.. M.
515 554 1460 667 Dimanche 8 Mai, à 8 heures du soir
264 666 1735 910 Concert de Symphonie
348 889 1634 1025 PAR L'ORCHESTRE DE LA SOCIÉTÉ
425 1021 1562 1130 sous la direction de M. accavo KEURVELS
930 1135 1051 1256 &C
745 1260 1243 1401 programme
886 1414 1119 1506 /re PARTIE
1263 1491 1643 1605 G. MEYERBER
255 1498 1027 1599 I. L'Etoile du Nord (ouverture)
1263 1590 1594 1680 G. MICHIELS
255 1614 576 1685 2. Czardas.
1265 1665 1500 1771 G. Bizet
255 1687 1102 1792 3. Carmen (transcription de Jacobs)
1263 1766 1650 1876 JOH. STRAUSS
264 1768 818 1874 4. Wiener Blut (valse)
886 1878 1115 1951 2e PARTIE
1273 1936 1729 2065 CAM. SAINT-SAENS
264 1947 767 2061 5. Marche héroïque
1260 2050 1562 2149 A. BAzzINI
259 2068 451 2145 6. Saül
460 2131 1324 2234 (ouverture pour la tragédie d'Alfieri)
339 2210 1731 2283 L’auteur a voulu dépeindre le contraste entre les caractères de Saïl et de
260 2268 1735 2334 David ; le premier, plein d’orgueil, de colère et de despotisme, le second, fait de
273 2318 1733 2404 douceur et de générosité. — Le finale de l’œuvre représente la mort de Saûl et
260 2366 955 2443 l'irruption victorieuse des Philistins.
1258 2430 1522 2527 FR. LiszT
264 2444 818 2554 7. Deuxième rapsodie
255 2631 1652 2763 N.-B. — On ne pourra retenir sous aucun prétexte des places non occupées.
