2056 3224
452 267 1593 385 Koninklijke Maatschappij van Dierkunde
780 385 1254 487 VAN ANTWERPEN
295 459 1741 587 ̃ ̃ t * * k * * * „ * * _ „ „ _ * _ * *
572 589 1469 700 Zondag 8 Mei, te 8 uren ’s avonds
291 710 1745 945 Symfonisch Concert
311 924 1734 1067 DOOR HET ORKEST DER MAATSCHAPPIJ
461 1047 1597 1152 onder de leiding van M. EDWERD’KEURVELS
958 1158 1076 1265 etc.
780 1278 1269 1406 programma
939 1412 1126 1488 10 DEEL
1297 1501 1684 1589 G. MEYERBEER
289 1493 1141 1602 I. L'Etoile du Nord ( openingstuk)
1300 1580 1615 1667 G. MICHIELS
291 1606 595 1689 2. Czardas
1297 1677 1532 1754 G. Bizet
291 1680 1189 1788 3. Carmen (bloemlezing door Jacobs)
1297 1764 1649 1884 JOH. STRAUSS
300 1778 821 1869 4. Wiener Blut (wals)
936 1845 1137 1949 2o DEEL
1310 1949 1771 2028 CAM. SAINT-SAENS
295 1964 743 2056 5. Heldenmarsch
1310 2038 1597 2134 A. BAzzini
300 2056 487 2138 6. Saül
500 2112 1375 2195 (openingstuk voor Alfred’s treurspel)
343 2190 1773 2269 De toondichter heeft de tegenstelling willen afschilderen tusschen dekarakters
302 2247 1769 2314 van Säül en David, het eerste vol hoogmoed, toorn en dwingelandij, het andere
296 2293 1771 2388 zoetzaardig en edelmoedig. — Het slot van het werk stelt voor de dood van Saül
306 2349 1076 2429 en den inval der zegepralende Filistijnen.
1302 2403 1565 2492 FR. LiszT.
309 2432 823 2536 7. Tweede rhapsodie
291 2636 1778 2766 N.-B — Niet ingenomen plaatsen mogen onder geen voorwendsel voorbehouden
463 2734 617 2807 worden
1126 2777 1689 2879 F. Janssens-Anthonis. — Antwerpen.
