2056 3224
471 362 1523 494 Société Royale de Zoologie d'Anvers
252 540 1708 661 ̃ ̃̃ t * * k * * * t * _ * * r * * a * + * *
491 647 1478 768 Jeudi 12 Mai 1904, à 8 heures du soir
275 815 1715 1025 Concert de Symphonie
353 1045 1628 1152 PAR L'ORCHESTRE DE LA SOCIÉTÉ
413 1163 1561 1273 sous la direction de M. accavo KEURVELS
918 1244 1045 1373 etc.
726 1387 1215 1545 programme
868 1569 1103 1634 1r° PARTIE
1259 1665 1592 1755 CH. GOUNOD
246 1666 833 1762 I. Mireille (ouverture)
1250 1764 1529 1842 F. MANVS
243 1759 888 1844 2. Orchester-Variationen
248 1847 1098 1940 3. Le dernier sommeil de la Vierge
1243 1844 1594 1949 J. MASSENET
391 1933 1317 2038 (Prélude de la 4e scène de l'Assomption)
246 2018 782 2139 4. Danse des spectres
1255 2018 1630 2112 PETER BENOIT
871 2116 1103 2215 2e PARTIE
252 2222 1029 2338 5. Benvenuto Cellini (ouverture).
1250 2237 1703 2340 HECTOR BERLIOZ
246 2311 1105 2420 6. Die Meistersinger von Nürnberg
1250 2329 1652 2427 RICH. WAGNER
400 2416 1141 2503 (transcription par Jos. Dupont)
243 2501 936 2605 7. Marche du couronnement
1261 2490 1717 2592 P. TsCHAïK0WSY
243 2759 1636 2860 N.-B. — On ne pourra retenir sous aucun prétexte des places non occupées.
