2056 3224
474 354 1533 479 Société Royale de Zoologie d'Anvers
259 516 1715 607 ̃ ̃̃ t * * r * * * t * a * * • * * a
503 625 1467 729 Dimanche 15 Mai, à 8 heures du soir
273 762 1717 970 Concert de Symphonie
348 973 1624 1064 PAR L’ORCHESTRE DE LA SOCIÉTÉ
419 1077 1556 1188 sous la direction de M. EDMARD REURVEIS
924 1170 1039 1268 &c.
745 1292 1227 1431 programme
871 1440 1108 1518 Iro PARTIE
252 1524 736 1622 I. Marche grecque
1247 1536 1520 1615 L. GANNE
250 1602 904 1682 2. Ein Morgen, ein Mittag,
426 1675 1230 1766 und ein Abend in Wien (ouverture)
1258 1675 1627 1768 F. VON SuppPÉ
1258 1755 1644 1863 G. MEYERBEER
246 1762 647 1841 3. Le Prophète
447 1819 1206 1914 (transcription par K. Hanssens)
1267 1888 1646 2003 VICTOR ROGER
250 1894 1090 2016 4. La Camargo (danse bohémienne)
869 1997 1108 2079 2e PARTIE
160 2043 970 2185 5. Der Freischütz (ouverture).
1259 2070 1717 2171 C. M. VONWEBER
252 2149 1157 2236 6. Une fête à Aranjuez (fantaisie espagnole)
1261 2158 1706 2254 C. DE MERSMANN
242 2236 842 2320 1. Mon cœur soupire.....
1265 2234 1637 2338 W. A. MoZART
437 2300 1236 2391 Romance des « Noces de Figaro »
242 2377 966 2475 8. Toujours ou jamais (valse)
1261 2367 1675 2479 E. WALDTEUFEL
242 2535 1708 2646 Les Concerts-Militaires ont lieu tous les jours de 3 1/2 à 51/2 hs. de l’après-midi,
397 2624 1708 2699 et, en outre, les Mardis à 8 hs. du soir; les Concerts de Symphonie, les
397 2675 1072 2745 Jeudis et Dimanches à 8 hs. du soir.
246 2777 1629 2883 N.-B. — On ne pourra retenir sous aucun prétexte des places non occupées.
