2056 3224
478 340 1533 458 Société Royale de Zoologie d'Anvers
262 507 1717 586 1 1/2 1/4 ̃ — — —  —  ===================  ==================
500 604 1493 697 Jeudi 19 Mai 1904, à 8 heures du soir
284 742 1730 957 Concert de Symphonie
351 942 1639 1040 PAR L’ORCHESTRE DE LA SOCIÉTÉ
427 1053 1568 1146 sous la direction de M. EDWERD REURVELS
937 1146 1051 1249 etc.
748 1282 1239 1410 programme
880 1422 1117 1519 1r° PARTIE
262 1499 842 1599 1. Ruy Blas (ouverture)
1280 1504 1730 1599 F. MENDELSSOIN
255 1597 717 1681 2. Asgaardsreien
1288 1604 1586 1690 OLE OTSEN
255 1673 864 1773 3. Deux danses bulgares
1280 1693 1626 1775 GABR. SEBEK
255 1773 853 1870 4. La Corte de Granada
1271 1777 1590 1881 RUP. CHAPI
880 1842 1111 1941 2e PARTIE
260 1950 702 2042 5. Isa (ouverture)
1282 1952 1655 2057 PETER-BENOIT
255 2035 1108 2132 6. Peer Gynt (1re suite d'orchestre)
1277 2041 1584 2128 EDV. GRIEG
267 2121 1040 2230 7. Marche aux flambeaux (n° 3)
1277 2133 1661 2233 G MEYERBEER
258 2323 1717 2404 Dimanche 22 : à 3 1/2 hs.: Concert militaire ; à 6 hs. : Concert par la Société
418 2395 1726 2474 de Musique de Dudelange ; à 8 hs. : Concert extraordinaire par la
418 2433 975 2514 Société des Fanfares d'Hornu.
253 2515 1637 2583 Lundi 23 : à 3 1/2 les. Concert militaire ; à 8 hs. : Concert de Symphonie.
258 2575 1717 2654 Les Concerts-Militaires ont lieu tous les jours de 3 1|2 à 5 1/2 hs. de l’après-midi
418 2650 1721 2706 et, en outre, les Mardis à 8 hs. du soir ; les Concerts de Symphonie, les
409 2688 1089 2743 Jeudis et Dimanches à 8 hs. du soir.
255 2775 1648 2883 N.-B. — On ne pourra retenir sous aucun prétexte des places non occupées.
