2056 3224
886 277 1296 388 Asgaardsreien
489 407 1768 499 Les Scandinaves donnent le nom de «Asgaardsreien» aux Walkyriés
419 484 1768 544 dont le dieu Dorner mène la troupe ailée à travers les nuages. Elles
410 545 1763 614 enlèvent les guerriers sur les champs de bataille et les emportent dans
419 609 1772 677 leur chevauchée sauvage. — Deux amoureux dédaignés font irruption au
410 662 1768 732 milieu d’une fête nuptiale et assaillent le fiancé ; pendant que les femmes
414 730 1766 793 invoquent l’aide du Ciel, les Asgaardsreien tombent en ouragan sur le
410 778 1768 852 lieu de la mêlée, enlèvent les combattants et poursuivent leur chevauchée
410 831 737 917 à travers les airs.
766 1045 1399 1151 La Corte de Granada
826 1142 1332 1235 (fantaisie mauresque).
677 1247 1214 1332 A) Introduction (à Grenade).
670 1312 1108 1385 B) Marche au Tournoi.
674 1365 954 1438 c) Méditation.
665 1428 923 1498 D) Sérénade.
675 1489 872 1554 E) Finale.
911 1700 1241 1790 Peer Gynt
465 1819 1517 1917 A) Matin d’été dans les montagnes norwégiennes
465 1893 852 1968 B) La mort d’Ase.
516 1975 1756 2062 La vieille Ase, mère de Peer, agonise. Le fils s’assied au pied du lit
395 2047 1763 2103 et conte à sa mère mourante une des mille légendes dont elle le berçait
395 2102 1756 2179 pendant son sommeil d’enfant. Au dernier mot du conte, Ase expire
395 2139 628 2206 doucement.
470 2206 927 2290 c) La danse d'Anitra.
516 2269 1758 2360 Dans la tente d’un chef arabe. Peer Gynt, se croyant Empereur et
386 2348 1756 2420 Prophète, est étendu sur un divan. Anitra, fille du chef, et ses compagnes
386 2391 971 2473 dansent et chantent devant lui.
465 2452 1296 2541 b) Dans la halle du Roi des montagnes.
511 2539 1754 2620 La cour du roi. Gnômes, esprits et lutins fètent de leurs danses et
385 2587 1758 2686 de leurs cris les françailles de Gynt avec la fille du roi. Subitement la
381 2656 1455 2733 caverne s’écroule. Tout disparait dans un grand cri final.
