2056 3224
776 357 1194 466 Asgaardsreien
372 512 1664 595 De Scandinaven noemen « Asgaardsreien » de Walkuren, wien
304 584 1669 643 gevleugelde binde aangevoerd wordt door den God Donner. Zij dragen
307 636 1667 708 de gesneuvelde helden van het oorlogsveld en voeren ze mede in hunnen
305 701 1655 766 wilden rit. — Twee versmade verliefden vallen te midden van een bruilofts
297 759 1667 819 feest en werpen zich op den verloofde; terwijl de vrouwen de hulp des
297 814 1662 887 Hemels inroepen, verschijnen als een stormwind de Asgaardsreien op
292 868 1662 952 het slagveld, lichten de strijders op, en vervolgen hunne vaart door de
300 923 427 995 lucht.
665 1128 1305 1235 La Corte de Granada
754 1230 1217 1321 (Moorsehe fantazie).
561 1317 1072 1423 A) Inleiding (te Grenada).
570 1403 1162 1481 B) Optocht naar het Steekspel.
570 1469 897 1542 c) Overpeinzing.
566 1524 875 1604 D) Avondgroet.
570 1585 730 1648 E) Slot.
817 1797 1140 1887 Peer Gynt
370 1930 1401 2027 A) Zomermorgen in het Noorweegsche gebergte.
367 2008 691 2085 B) Ase's dood.
425 2078 1660 2140 Ase, de oude moeder van Peer, ligt te zieltogen. Bij het bed gezeten
292 2136 1655 2189 zijner stervende moeder, vertelt Gynt haar eene der menigvuldige legen-
295 2198 1655 2264 den, waarmede zij hem in zijne kindsscheid zoo vaak wiegde. Als het
300 2266 897 2339 vertelsel eindigt, ontslaapt Ase.
370 2320 744 2397 c) Anitra’s dans.
423 2365 1652 2464 Peer Gynt verbeelt zich Keizer en Profeet te zijn. In de tent van
292 2445 1648 2508 een Arabisch opperhoofd, ligt hij uitgestrekt op een divan. Anitra, dochter
300 2505 1563 2571 van den hoofdman, en hare gezellinnen, dansen en zingen voor hem.
367 2578 1107 2648 b) In de halle van den Bergkoning.
416 2650 1652 2725 Aan het koninklijk hof. Berggeesten en Kahouters vieren bij dans
295 2691 1648 2761 en vreugdegeroep de verloving van Peer Gynt met ’s konings dochter. De
285 2761 1577 2848 krocht stort in en alles verzwindt bij eenen laatsten ruwen schreeuw.
