2056 3224
440 282 1583 390 Koninklijke Maatschappij van Dierkunde
781 381 1246 479 VAN ANTWERPEN
282 481 1747 575 ̃ ̃ t * * * r * * „ „ * *
440 581 1589 661 Donderdag 19 Mei 1904, te 8 uren ’s avonds
265 718 1756 923 Symlonisch Concert
299 932 1728 1021 DOOR HET ORKEST DER MAATSCHAPPIJ
436 1025 1589 1134 onder de leiding van M. ED daRD REURVELS
945 1123 1060 1225 &C
772 1231 1255 1379 programma
924 1385 1112 1466 1e DEEL
1298 1439 1752 1563 F. MENDELSSOHN
273 1461 941 1565 I. Ruy Blas (openingstuk)
1305 1554 1602 1645 OLE OTSEN
267 1567 731 1648 2. Asgaardsreien
1299 1650 1643 1730 GABR. SEBEK
273 1646 1006 1734 3. Twee Hongaarsche dansen.
1290 1737 1608 1806 RUP. CHAPI
277 1739 878 1836 4. La Corte de Granada
919 1825 1114 1901 2e DEEL
1299 1905 1672 1999 PETER BENOIT
267 1903 767 2008 5. Isa (opingstuk)
1294 2003 1608 2098 EDV. GRIEG
269 2020 1001 2094 6. Peer Gynt (Iste orkestsuite)
1303 2094 1678 2205 G. MEYERBEER
271 2094 774 2213 7. Fakkeltocht (nr 3)
267 2283 1747 2365 Zondag 22 dez.: te 3 1/2 uren : Militair Concert ; te 6 uren ; Concert door de
427 2343 1745 2404 Muziekmaatschappij van Dudelange; te S uren : Buitengewoon Concert
427 2396 1236 2460 door de Fanfaren-Maatschappij van Hornu.
267 2448 1745 2508 Maandag 23 :te 3 1/2 uren : Militair Concert ; te 8 uren ; Symfonisch Concert.
273 2515 1739 2584 De Militaire-Concerten hebben dagelijks plaats van 3 1/2 tot 51/2 uren ’s namid¬
431 2567 1747 2651 dags en, daarenboven, ’s Dingsdags om 8 uren’s avonds; de Symfonische
436 2617 1466 2684 Concerten op Donderdag en Zondag te 8 uren ’s avonds.
267 2703 1745 2786 N.-B.— Niet ingenomen plaatsen mogen onder geen voorwendsel voorbehouden
436 2764 592 2838 worden.
1097 2807 1658 2920 F. Janssens-Anthonis. — Antwerpen.
