2056 3224
486 324 1535 438 Société Royale de Zoologie d’Anvers
267 477 1726 593 (3,3)3. ouosliinuksia oli nykyäään oli ai-
497 597 1508 700 Lundi 23 Mai 1904, à 8 heures du soir
295 740 1730 937 Concert de Symphonie
360 928 1646 1024 PAR L'ORCHESTRE DE LA SOCIÉTÉ
436 1033 1575 1151 sous la direction de M. EDWERD REURVETS
955 1128 1055 1255 Cl
760 1255 1233 1393 programme
889 1404 1129 1479 Iro PARTIE
271 1490 682 1579 I. Feestmarsch
1242 1482 1697 1597 Joz. HUYBRECHTS
1244 1570 1490 1653 W. NEhl.
269 1571 813 1657 2. Zigeuner-Serenade
267 1650 1013 1737 3. Noces de Gardes-Prorestiers.
1242 1641 1633 1766 TH. MICHAELIS
393 1715 935 1791 A) Dans le forêt ; B) Cortège ;
389 1775 1384 1833 c) Chanson à boire ; n) Sérénade ; E) Marche nuptiale.
273 1839 809 1930 4. Zampa (ouverture)
1239 1828 1544 1924 F. HÉROLD
895 1932 1124 1999 2e PARTIE
273 1999 1008 2099 5. Guillaume Tell (ouverture)
1249 2010 1528 2102 G. RossINI
393 2086 1564 2168 Solistes: MM. J. Van der Avort ( violoncelle), Hipp. Vinck (flüte)
558 2142 1077 2212 et Ch. Rovies (cor anglais).
273 2190 1202 2266 6. Adagio de la 8e Sonate pour le piano
1233 2172 1744 2312 L. VAN BEethoven
467 2261 1209 2348 (Orchestré par Edw. Keurvels)
276 2332 1177 2433 7. Fantaisie sur des airs populaires espagnols
1240 2339 1622 2430 F. A.9EVAERT
276 2410 860 2512 8. Burgerweisen (valse)
1244 2432 1599 2524 JOH. STRAUSS
278 2603 1735 2681 Les Concerts-Militaires ont lieu tous les jours de 3 1/2 à 51/2 hs. de l’après-midi,
436 2666 1735 2735 et, en outre, les Mardis à 8 hs. du soir; les Concerts de Symphonie, les
433 2714 1100 2768 Jeudis et Dimanches à 8 hs. du soir
276 2792 1664 2874 N.-B. — On ne pourra retenir sous aucun prétexte des places non occupées.
