2056 3224
460 367 1512 528 Société Royale de Zoologie d’Anvers
248 548 1702 668 ̃ ̃ t * * * t * M * * r * * „ * * -
488 652 1466 780 Jeudi 26 Mai 1904, à 8 heures du soir
267 802 1708 981 Concert de Symphonie
327 992 1616 1099 PAR L'ORCHESTRE DE LA SOCIÉTÉ
404 1101 1543 1216 sous la direction de M. EDWERD REURVELS
915 1200 1025 1335 R
727 1324 1209 1477 programme
862 1463 1094 1545 1re PARTIE
237 1556 831 1656 I. Ouverture de Concert.
1253 1560 1708 1662 ALEX. STADTFELD
237 1644 701 1739 2. La Romanesca
1260 1649 1605 1739 K. HANSSENS
237 1722 897 1812 3. Deux danses hongroises.
1253 1729 1483 1828 F. BEHR'
435 1790 1205 1892 (orchestrées par Edw. Keurvels)
237 1857 902 1969 4. Les Dragon de Villars
1253 1870 1592 1963 A. MAILLART
431 1949 1171 2056 (transcription par Jos. Dupont)
855 2045 1103 2146 2me PARTIE
230 2135 721 2235 5. Memlinc-Marsch
1253 2144 1598 2235 H. VAELPUT
237 2206 968 2310 6. Séduction (scènes de ballet)
1253 2213 1634 2316 G. MEYERBER
354 2294 1350 2372 A) Légèreté ; B) Jeu ; c) livresse ; b) Amour ; E) Finale.
239 2352 769 2453 7. Rienzi (ouverture)
1253 2356 1640 2464 RICH. WAGNER
230 2557 1698 2632 Les Concerts-Militaires ont lieu tous les jours de 3 1/2 à 51/2 hs. de l'après-midi,
393 2633 1697 2703 et, en outre, les Mardis à 8 hs. du soir; les Concerts de Symphonie, les
393 2677 1067 2758 Jeudis et Dimanches à 8 hs. du soir.
234 2789 1622 2896 N.-B.— On ne pourra retenir sous aucun prétexte des places non occupées.
