2056 3224
484 295 1621 429 Koninklijke Maatschappij van Dierkunde
820 413 1282 528 VAN ANTWERPEN
325 493 1784 614 ̃ 1 1 1/2 1/3 1/4 ̃
484 600 1621 739 Donderdag 26 Mei 1904, te 8 uren ’s avonds
317 765 1766 946 Symtonisch Concer
350 944 1762 1054 DOOR HET ORKEST DER MAÄTSCHAPPIJ
477 1045 1621 1164 onder de leiding van M. ED kan Deurveis
994 1146 1109 1262 etc.
801 1262 1278 1416 programma
974 1401 1146 1504 1e DEEL
315 1480 875 1595 I. Concertopingstuk
1333 1502 1790 1599 ALEX. STADTFELD
315 1573 778 1674 2. La Romanesca
1333 1590 1680 1672 K. HANSSENS
317 1661 1042 1737 3. Twee Horgaarsche dansen
1333 1654 1572 1751 F. BEHR
464 1716 1476 1812 (voor orkest bewerkt door Edw. Keurvels)
315 1804 977 1900 4. Les Dragon de Villars
1329 1806 1667 1909 A. MAILLART
464 1869 1218 1971 (bloemlezing door Jos. Dupont)
963 1975 1141 2078 2e DEEL
315 2045 800 2144 5. Memline-Marsch
1333 2052 1672 2153 H. VAELPUT
317 2127 1036 2217 6. Verleiding (danstooneelen)
1337 2142 1715 2223 G. MEYERBEER
422 2212 1658 2283 A) Lichtzinnigheid ; B) Spel ; c) Dronkenschap ; n) Liefde ; E) Slot.
1337 2276 1711 2382 RICH. WAGNER
308 2270 878 2382 7. Rienzi (openingstuk)
317 2488 1777 2565 De Militaire-Concerten hebben dagelijks plaats van 3 1/2 tot 5 1/ 2 uren ’snamid¬
464 2554 1777 2620 dags en, daarenboven, ’s Dinsdags om 8 uren’s avonds ; de Symfonische
468 2608 1502 2697 Concerten op Donderdag en Zondag te 8 uren ’s avonds.
308 2716 1782 2828 N.-B.— Niet ingenomen plaatsen mogen onder geen voorwendsel voorbehouden
469 2780 631 2859 worden.
1031 2835 1720 2928 Drukk. F. Janssens-Anthonis. — Antwerpen.
