2056 3270
431 128 1537 234 Société Royale de Zoologie d'Anvers
265 221 1725 339 ̃ ̃ ⁃ k* r * r * * * t * * a * * M A
502 316 1487 436 Jeudi 2 Juin 1904, à 8 heures du soir
504 385 653 456 2278
495 447 611 562 P
297 482 1721 644 concerc de Symphonie
350 626 1655 746 PAR L'ORCHESTRE DE LA SOCIÉTÉ
299 695 402 776 Uu.
429 708 1568 834 sous la direction de M. Epivar d KEURVELS
934 794 1048 900 26
746 892 1234 1013 programme
887 1004 1117 1093 1re PARTIE
256 1077 834 1142 I. Fanfare inaugurale.
1318 1088 1659 1175 PAUL GILSON
257 1135 912 1208 2. Rapsodie suédoise (n° 2)
1318 1142 1610 1217 A. HALLÉN
261 1199 1144 1274 3. Messalina (introduction du drame lyrique)
1318 1208 1706 1281 L. MANCINELLI
265 1254 1038 1323 4· Le Roi des Aulnes (ouverture)
1327 1261 1692 1350 PETER BENOIT
876 1323 1119 1407 2me PARTIE
256 1400 1259 1475 5. Marche nuptiale (de l'opéra Lohengrin)
1323 1391 1710 1480 RICH. WAGNER
261 1456 725 1528 6. Deux mélodies
1321 1460 1701 1557 EDVARD GRIEG
380 1509 1031 1579 A) Peine de cœur. — B) Printemps.
265 1560 1194 1637 7. Vitava (La Moldau) poème symphonique
1323 1548 1666 1659 FR. SMETANA
464 1617 1278 1694 (2e Partie du cycle : « Ma Patrie »)
339 1672 1728 1739 Deux s’ources jaillissent dans la forêt ombragée de Bohême : l’une est
268 1728 1723 1783 chaude et bouillonnante ; l’autre fraiche et tranquille. Leur- ondes, en mur¬
265 1763 1719 1823 murant joyeusement dans les rochers, se réunissent et brillent aux rayons du
266 1801 1734 1858 soleil matinal. Traversant les contrées de la Bohême, le rapideille grossit et
266 1849 1725 1902 devient le fleuve Vitava (la Moldau) ; il fuit à travers des forêts épaisses dans
266 1869 1734 1936 lesquelles on entend de plus en plus distinctement le joyeux passage d’une
266 1925 1732 1978 chasse et le son du cor ; il traverse des terres basses, riches en prairies, où l’on
266 1966 1734 2008 célèbre gaîment une noce par des chants et des danses. La nuit, les nymphes des
270 1989 1725 2049 forêts et des eaux s’ébattent dans les onces qui étincellent au clair de lune et
270 2040 1725 2093 reflètent de nombreux châteaux-forts, témoins de la splendeur passée, de la
274 2075 1725 2124 chevalerie et de la gloire guerrière disparue. Le fleuve tourbillonne dans les
274 2110 1734 2166 rapides de Saint-Jean, bouillonne en cascades, et ses ondes écumantes se frayent
276 2154 1725 2203 violemment passage entre les parois du rocher, pour gagner le large lit dans
270 2181 1732 2258 lequel ils coulent, maje-tueux et tranquilles, devant Prague, au pied du vénérable
270 2221 765 2272 château-fort de Vysehrad.
350 2254 1736 2327 Puis, les flots disparaissent dans le lointain où le regard du Poète ne peut
279 2292 553 2356 plus les suivre.
270 2325 840 2422 8. Danse des Sorcières
1318 2329 1732 2427 AUG. DE BOECK
270 2429 1725 2511 MM. les Aristes de l’Orchestre de Symphonie de la Société, organisent le Lund
425 2495 1728 2542 20 Juin à 8 1/2 heures du soir, dans la Salle des fétes, un GRAND
422 2529 1725 2579 CONCERT au bénéfice de la Veuve et des Enfants d’un Membre de
429 2562 1725 2617 l’Orchestre. — Ce concert sera donné avec le gracieux concours de
431 2608 1736 2666 Mme Hélène FELTESSE du Grand Théâtre d’Alger et M. Gustave
429 2639 902 2692 WALTHER, Violoniste
429 2672 1734 2752 Prix des Place s : Réservées : fr. 5 — Premières : tr. 3. — Première
425 2721 1168 2765 galerie: fr. 2.— Deuxième galerie : fr. 1.
416 2745 1719 2825 On peut se procurer des cartes aux guichets du Jardin et chez les prin
422 2796 1197 2865 cipaux marchands de musique de la ville.
261 2876 1721 2956 Les Concerts-Militaires ont lieu tous les jours de 3 1|2 à 5 1/2 hs. de l’après-midi.
420 2951 1728 3008 et, en outre, les Mardis à 8 hs. du soir; les Concerts de Symphonie, les
425 2977 1095 3031 Jeudis et Dimanches à 8 hs. du soir.
266 3057 1648 3115 N.-B.— On ne pourra retenir sous aucun prétexte des places non occupées.
