2056 3270
445 97 1594 213 Koninklijke Maatschappij van Dierkunde
781 196 1264 284 VAN ANTWERPEN
284 253 1746 339 (3,8)3.3.8.
443 328 1583 434 Donderdag 2 Juni 1904, te 8 uren ’s avonds
280 486 1151 647 Symonisch
1167 513 1728 630 Coneert
903 643 1001 695 u.
310 610 1732 724 DOOR HET ORKEST DER MAATSCHAPPIJ
454 724 1580 803 onder de leiding van M. ED kan Deurvels
968 793 1067 891 xx
982 905 1100 958 is
773 891 1248 1010 Progiamma
938 988 1112 1072 1° DEEL
280 1048 854 1151 I. Inhuldigings-fanfare
1345 1085 1677 1175 PAUL GILSON
279 1129 1006 1211 2. Zweedsche rhapsodie (nr 2)
1341 1147 1635 1219 A. HALLEN
279 1195 1182 1272 3. Messalina (inleiding van het lyrisch drama
1349 1204 1726 1281 L. MANCINELLE
282 1242 1063 1334 4. De Elzenkoning (opingstuk).
1345 1261 1712 1343 PETER BENOIT
927 1325 1107 1402 2° DEEL
277 1378 1316 1482 5. Bruiloftsmarsch (uit het zangspel Lohengrin).
1347 1395 1728 1481 RICH. WAGNER
284 1444 749 1528 6. Twee melodieën
1351 1466 1734 1537 EDVARD GRIEG
398 1499 863 1565 A) Hartzeer. — B) Lente.
280 1541 1189 1635 7. Vltava (De Moldau) symfonisch gedicht.
1345 1539 1690 1638 FR. SMETANA
487 1603 1554 1684 (2de Deel van den cyclus : « Mijn Vaderland »)
359 1669 1746 1735 Twee bronnen ontspringen den bodem van het lommerrijke Boheemsche
284 1708 1745 1767 woud ; de cene horrelt ziedend op, bruist en schuimt ; de andere, helder en
288 1745 1746 1805 frisch, vliet stil verder. Vroolijk murmelend langs de rotsen, vereenigen zich
286 1783 1710 1856 hunne wateren tot eenen stroom, tintelend onder de stralen der ochtendzon.
286 1822 1746 1889 Naarmate hij door de streken van Bohemen kronkelt, zwelt de snelle stroom en
288 1871 1743 1924 wordt Vitava (de Moldau) ; door dichte bosschen golft hij, en langs zijne zoomen
284 1898 1748 1959 weerklinkt luid en luider het opwekkend getoet van den jachthoorn; door de lage
279 1941 1752 2007 landen schiet hij voort, langs weelderige weiden en beemden, waar bruiloft
284 1986 1741 2036 wordt gevierd bij zang en dans. Des nachts komen lustige woud- en waternim-
284 2008 1745 2080 fen zich vermeien in den klaren-breeden plas, die glinstert in den maneschijn
288 2067 1746 2120 en de talrijke burchten weerspiegelt, getuigen van verleden pracht, ridderspel
286 2096 1752 2157 en krijgsroem. De polven koken en bruisen in de St-Janskolken, bulderen in de
284 2144 1750 2194 watervallen, en de wilde vloed breekt zich met geweld eenen weg tusschen de
288 2184 1743 2234 eeuwenoude rotswanden, om de wijde bedding te genaken, waarin hij, fier en
279 2215 1752 2274 statig, Praag begroet, stroomend voorbij het eerbiedwaardig slot Vyschrad, dat
284 2254 1642 2309 hem verwelkomt. Dan verdwijnt hij in de verte voor het oog des Dichters.
279 2296 660 2384 8. Heksendans
1352 2307 1752 2397 AUG. DE BOECK
279 2397 1745 2470 Maandag, 20 Juni, te 8 1/2 uren ’s avonds, in de Feesthalle : GROOT MuzIEK-
442 2463 1752 2511 FEEST ingericht door het Symtonisch Orkest der Maatschappij ten
445 2496 1750 2545 voordeele der Weduwe en Kinderen van een Orkestlid, en met de
442 2538 1746 2587 vereerende medewerking van Mev. Helena FELTESSE van den
443 2571 1746 2644 Grooten Schouwburg van Algiers, en den Heer Gustaaf WALTHER,
443 2608 585 2657 Violist.
434 2639 1750 2710 Prijzen der Plaatsen : Voorbeboudene: fr. 5. — Eerste : fr. 3. — Erste
440 2686 1253 2741 gaanderij: fr. 2.— Tweede gaanderij : fr. 1.
440 2727 1752 2780 Kaarten zijn te bekomen aan de winketten van den Tuin en bij de
443 2771 1213 2840 voornaamste muziekhandelaren der stad.
282 2870 1746 2932 De Militaire-Concerten hebben dagelijks plaats van 3 1/2 tot 51/2 uren ’s namid¬
440 2923 1750 2978 dags en, daarenboven, ’s Dingsdags om 8 uren ’se avonds ; de Symfonische
443 2959 1470 3007 Concerten op Donderdag en Zondag te 8 uren ’s avonds.
284 3033 1752 3101 N.-B.— Niet ingenomen plaatsen mogen onder geen voorwendsel voorbehouden
449 3075 605 3128 worden.
1101 3095 1660 3187 F. Janssens-Anthonis — Antwerpen.
