2056 3270
497 337 1543 464 Société Royale de Zoologie d'Anvers
279 501 1730 603 ̃ ̃ t * A t * t * * * M * * • * *
455 583 1550 699 Dimanche 5 Juin 1904, à 8 heures du soir
277 723 1737 929 Concert de Symphonie
1457 932 1630 987 17/2/4
362 900 1645 1025 PAR L'ORCHESTRE DE LA SOCIETE
441 1018 1579 1124 sous la direction de M. EDWERD REURVELS
949 1095 1060 1215 xx
763 1186 1242 1344 programme
896 1326 1135 1426 1re PARTIE
273 1399 845 1508 I. Marche républicaine
1279 1402 1645 1501 GABR.ALLIER
268 1479 858 1583 2. Myrtolina (ouverture)
1277 1495 1672 1574 FR. PERPIGNAN
264 1564 1055 1648 3. La Fiancée vendue (sélection)
1273 1574 1625 1657 FR. SMETANA
264 1637 778 1741 4. La Fiesta (boléro)
1269 1648 1710 1745 EDM. FILIPPUCCI
885 1719 1122 1796 2me PARTIE
264 1790 778 1898 5. Le Cid (ouverture)
1275 1809 1610 1898 J. MASSENET
270 1890 1215 1978 6. Milenka (suite d'orchestre du ballet)
1273 1887 1608 1978 J. Blockx,
282 1954 599 2036 7. Cavatina
1275 1972 1601 2060 Joach. Raff.
270 2034 814 2133 8. Les sourires (valse)
1280 2036 1734 2129 EM. WANDTEUFEL
268 2156 1734 2240 MM. les Arististes de l'Orchestre de Symphonie de la Société, organisent le Lundi
428 2227 1728 2277 20 Juin à 8 1/2 heures du soir, dans la Salle des fêtes, un GRAND
428 2271 1725 2313 CONCERT au bénéfice de la Veuve et des Enfants d’un Membre de
428 2308 1732 2359 l’Orchestre. — Ce concert sera donné avec le gracieux concours de
428 2349 1737 2395 Mme Hélène FELTESSE du Grand Théâtre d’Alger et M. Gustave
443 2382 907 2439 WALTHER, Violoniste
424 2410 1089 2466 1 rix des places : Réservées : fr. 5
1138 2404 1734 2499 Premières : fr. 3. — Première
424 2455 1180 2499 galerie: fr. 2.— Deuxième galerie : fr. 1.
432 2486 1716 2583 On peut se procurer des cartes aux guichets du Jardin et chez les prin
432 2528 1191 2613 cipaux marchands de musique de la ville.
270 2646 1725 2717 Les Concerts-Militaires ont L'eu tous les jours de 3 1/2 à 5 1|2 hs. de l’après-midi
426 2705 1728 2788 et, en outre, les Mardis à 8 hs. du soir; les Concerts de Symphonie, les
423 2728 1095 2785 Jeudis et Dimanches à 8 hs. du soir.
268 2776 415 2867 N.-B.
432 2816 1654 2879 — On ne pourra retenir sous aucun prétexte des places non occupées.
