2056 3270
509 282 1644 396 Koninklijke Maatschappij van Dierkunde
840 383 1323 481 VAN ANTWERPEN
339 483 1811 558 ( w. a. M. M. M.. M.M. M. * * * M..
556 547 1605 639 Zondag 5 Juni 1904, te 8 uren ’s avonds
345 691 1782 842 Symlonisch Concer
361 879 1791 980 DOOR HET ORKEST DER MAATSCHAPPI.
509 962 1651 1058 onder de leiding van M. EDWERD REURVELS
1028 1054 1137 1181 w C
836 1152 1308 1286 programma
999 1282 1170 1371 1e DEEL
345 1347 1006 1450 1. Republikeinsche marsch
1362 1351 1719 1452 GABR.ALLIER
1365 1443 1752 1529 FR. PERPIGNAN
335 1445 997 1538 2. Myrtolina (openingstuk)
1360 1522 1708 1601 FR. SMETANA
339 1524 1218 1610 3. De verkochte Bruid (bloemlezing)
1360 1596 1785 1690 EDM. FILIPPUCCI
339 1588 855 1691 4. La Fiesta (bolero)
991 1660 1161 1758 2° DEEL
1352 1761 1686 1841 J. MASSENET
339 1750 923 1846 5. Le Cid (openingstuk)
343 1822 1314 1931 6. Milenka (orkestsuite uit het dansspel).
1351 1833 1618 1922 J. BlOCXX
348 1922 673 2006 7. Cavatina
1360 1918 1693 2005 Joach. RAFF
1352 1990 1815 2089 EM. WALDTEUFEL
333 2001 860 2082 8. Glimlachjes (wals)
348 2104 1806 2178 Maandag, 20 Juni, te 8 1/2 uren ’s avonds, in de Feesthalle : GROOT MuzIEK-
503 2178 1809 2226 FEEST ingericht door het Symtonisch Orkest der Maatschappij ten
509 2209 1815 2252 voordeele der Weduwe en Kinderen van een Orkestlid, en met de
507 2240 1809 2294 vereerende medewerking van Mev. Helena FELTESSE van den
509 2283 1809 2353 Grooten Schouwburg van Algiers, en den Heer Gustaaf WALTHER
507 2322 647 2371 Violist.
509 2347 1332 2406 Prijzen der Plaatsen : Voorbehoudene : fr. 5.
1365 2351 1815 2430 Eerste: fr. 3. — Eerste
499 2406 1310 2462 gaanderij: fr. 2.— Tweede gaanderij : fr. 1.
503 2432 1815 2513 Kaarten zijn te bekomen aan de winketten van den Tuin en bij de
507 2478 1275 2550 voornaamste muziekhandelaren der stad.
343 2563 1811 2644 De Militaire-Concerten hebben dagelijks plaats van 3 1/2 tot 51/2 uren ’s namid¬
507 2637 1817 2699 dags en, daarenboven, ’s Dingsdags om 8 uren’s avonds; de Symfonische
509 2668 1529 2716 Concerten op Donderdag en Zondag te 8 uren ’s avonds.
343 2743 1820 2802 N.-B.— Niet ingenomen plaatsen mogen onder geen voorwendsel voorbehouden
509 2780 667 2845 worden.
1170 2810 1732 2893 F. Janssens-Anthonis. — Antwerpen.
