2056 3270
504 131 1574 253 Société Royale de Zoologie d'Anvers
299 291 1759 408 ( wenn Nachrichtigen Häusselinbrukkeiten
534 377 1528 483 Jeudi 9 Juin 1904, à 8 heures du soir
299 481 1763 701 Concert de Symphonie
384 701 1672 816 PAR L’ORCHESTRE DE LA SOCIÉTÉ
466 798 1608 896 sous la direction de M. EDWERD REURVELS
974 896 1085 996 xx
774 1009 1266 1135 programme
922 1138 1160 1224 1re PARTIE
277 1193 818 1299 I. Obéron (ouverture)
1246 1224 1765 1308 C. M. VONWEBER
277 1279 1069 1355 2. Ligho (tableau symphonique).
1302 1291 1639 1377 Jos. WITHOL
362 1353 1747 1413 Le saint bocage sur la cime du Mont-Bleu, au clair de lune. Le calme de la
286 1388 1752 1459 nuit est interrompu par les sons des trompettes, qui convoquent le peuple lette
290 1432 1747 1499 pour rendre hommage aux Dieux. Le peuple salue les prêtres Percon et Potrimpe.
291 1477 1747 1532 et entoure l'autel de Ligho, le dieu de l’amour et de l'abondance. Après les sacri
288 1497 1752 1566 fices commencent les rejouissances ; le jeu et la danse alternent avec des cbants
293 1554 1754 1612 qui célèbrent Ligho. Les sons des trompettes annoncent alors la fin de la fête, et
288 1581 1317 1645 le calme de la nuit règne de nouveau dans le lieu sacré.
308 1637 1197 1714 3. Polyeucte (Fête dans le Temple de Jupiter).
1286 1637 1595 1741 EDG. TINEL
483 1694 1543 1781 N° 2 de la suite symphonique pour le Polyeucte de Corneille
401 1761 1743 1821 A) Cortège ; B) Danses ; c) Irruption soudaine de Polyeucte et de Néarque
284 1803 896 1900 4. Concert-Polacca...
1288 1814 1601 1901 RUP. CHAPI
898 1894 1146 1971 2me PARTIE
277 1967 987 2043 5. Ungarische Sturmmarsch
1286 1961 1552 2056 FR. Liszt
280 2034 940 2116 6. Le Cid (ballet de l'opéra)
1288 2047 1606 2145 J. MASSENET
401 2104 1306 2165 A) Castillane; — B) Andalouse; — c) Aragonaise;
399 2147 900 2222 b) Aubade;— E) Catalane;
943 2153 1226 2238 E) Madrilène ;—
1240 2142 1515 2233 G) Navarrise.
282 2187 616 2278 7. Romanza
1269 2216 1670 2313 JOH. SVENDSEN
399 2258 1004 2329 Violon-solo : M. Edm. De Herdt.
280 2311 1200 2426 8. Der fliegende Holländer (ouverture)
1277 2313 1672 2415 RICH. WAGNER
271 2442 1734 2535 MM. les Aristes de l'Orchestre de Symphonie de la Société, organisent le Lundi
433 2519 1728 2572 20 Juin à 8 1/2 heures du soir, dans la Salle des fêtes, un GRAND
433 2555 1732 2608 CONCERT au bénéfice de la Veuve et des Enfants d’un Membre de
430 2586 1734 2646 l’Orchestre. — Ce concert sera donné avec le gracieux concours de
433 2623 1736 2692 Mme Hélène FELTESSE du Grand Théâtre d’Alger et M. Gustave
441 2663 914 2714 WALTHER, Violoniste
432 2675 1728 2761 Prix des places : Réservées : fr. 5 — Premières : frl. 3. — Première
441 2737 1177 2785 galerie: fr. 2.— Deuxième galerie : fr. 1,
435 2754 1723 2861 On peut se procurer des cartes aux guichets du Jardin et chez les prin
433 2821 1200 2887 cipaux marchands de musique de la ville.
273 2923 1721 3003 Les Concerts-Militaires ont lieu tous les jours de 3 1/2 à 5 1/ 2 hs. de l’après-midi.
432 2985 1725 3047 et, en outre, les Mardis à 8 hs. du soir; les Concerts de Symphonie, les
428 3018 1102 3076 Jeudis et Dimanches à 8 hs. du soir.
275 3058 1659 3151 N.-B. — On ne pourra retenir sous aucun prétexte des places non occupées.
