2056 3270
434 71 1565 196 Koninklijke Maatschappij van Dierkunde
771 163 1239 257 VAN ANTWERPEN
275 225 1728 324 ̃ ̃ t * * k * * * r * * M * *
443 328 1567 431 Donderdag 9 Juni 1904, te 8 uren ’s avonds
268 458 1732 632 Symonisch Concert
301 636 1704 720 DOOR HET ORKEST DER MAATSCHAPPIJ
443 704 1570 821 onder de leiding van M. ED kan Deurvels
947 779 1065 891 xx
744 887 1237 1019 programma
924 1021 1098 1103 1e DEEL
279 1081 863 1176 I. Oberon (openingstuk).
1279 1105 1728 1193 C. M. VONWEBER
268 1160 990 1235 2. Ligho (symfonisch tafereel).
1285 1164 1618 1248 JOS. WITHOL
350 1239 1741 1294 Het heilig bosch op de hoogte van den Blauwen berg bij maneschijn. De
271 1252 1734 1327 kalmte des nachts wordt onderbroken door het geschal der trompetten, welke
271 1310 1737 1367 het Lettische volk oproepen, om hulde te brengen aan de goden. Het volk begroet
284 1358 1739 1411 de priesters Percon en Potrimp, en omringt net altaar van Ligho, den god der
277 1389 1724 1444 liefde en van den overvloed. Na de offerplechtigheid beginnen de vermakelijk
279 1420 1734 1484 heden; spel en dans wisselen af met liederen ter eere van Ligho. Trompetgeschal
271 1464 1737 1547 kondigt het einde van het feest aan; de kalmte des nachtsheerscht opnieuw in het
277 1503 497 1559 heilig oord.
273 1563 1191 1638 3. Polyeucte (Feest in den Tempel van Jupiter)
1275 1563 1576 1640 EDG. TINEL
478 1609 1462 1682 N° 2 uit de symfonische suite voor Corneille’s Polyeucle
387 1662 1614 1757 A) Stoet ; B) Dansen ; c) Schielijke Plaval van Polyeucte en Nearcus.
273 1726 735 1827 4. Concert-Polacca
1277 1735 1580 1834 RUP. CHAPI
924 1805 1103 1900 2° DEEL
275 1906 1054 1981 5. Hongaarsche stormmarsch
1275 1897 1550 1979 FR. LiszT
279 1953 1250 2038 6. Le Cid (danstooneelen uit het zangspel)
1275 1968 1600 2054 J. MASSENET
387 2032 1274 2089 A) Castillane ;—B) Andalouse; —c) Aragonaise;
387 2078 1283 2142 D) Ochtendmuziek; — E) Catalane; F) Madrilène;
1308 2074 1592 2151 G) Navarraise.
185 2109 597 2203 7. Romanza.
1274 2140 1658 2219 JOH. SVENDSEN
396 2183 1012 2263 Viool-solo: Heer Edm. De Herdt.
264 2245 1666 2325 8. Der fliegende Holländer (opingstuk) RICH WAGNER
266 2373 1728 2445 Maandag, 20 Juni, te 8 1/2 uren ’s avonds, in de Feesthalle : GROOT MuzIEK
431 2428 1739 2483 TEEST ingericht door het Symtonisch Orkest der Maatschappij ten
429 2468 1734 2522 voordeele der Weduwe en Kinderen van een Orkesthd, en met de
432 2509 1737 2558 vereerende medewerking van Mev. Helena FELTESSE van den
431 2545 1739 2630 Grooten Schouwburg van Algiers, en den Heer Gustaaf WALTHER,
427 2578 577 2630 Violist.
429 2613 1743 2703 Prijzen der Plaatsen: Voorbehoudene: fr. 5. — Eerste : fr. 3. — Erste
425 2663 1246 2710 gaanderij: fr. 2.— Tweede gaanderij :fr. 1.
429 2690 1737 2760 Kaarten zijn te bekomen aan de winketten van den Tuin en bij de
429 2745 1198 2811 voornaamste muziekhandelaren der stad.
268 2835 1734 2917 De Militaire-Concerten hebben dagelijks plaats van 3 1/2 tot 5 1/ 2 uren ’s namid¬
429 2905 1737 2954 dags en, daarenboven, ’s Dingsdags om 8 uren’s avonds ; de Symfonische
431 2945 1457 2994 Concerten op Donderdag en Zondag te 8 uren ’s avonds.
268 3014 1737 3077 N.-B.— Niet ingenomen plaatsen mogen onder geen voorwendsel voorbehouden
431 3051 594 3117 worden.
1092 3093 1642 3167 F. Janssens-Anthonis — Antwerpen.
