2056 3270
471 440 1522 549 Société Royale de Zoologie d'Anvers
256 557 1719 672 (3,3)3.3.8. ̃̃ —̃-̃  —. —. ʼ —.
431 659 1553 766 Dimanche 12 Juin 1904, à 8 heures du soir
266 746 1734 984 Concert de Symphonie
349 980 1635 1075 PAR L’ORCHESTRE DE LA SOCIÉTÉ
420 1091 1564 1168 sous la direction de M. accavo KEURVELS
934 1164 1042 1285 xx
756 1259 1228 1409 programme
883 1396 1108 1482 1re PARTIE
256 1469 721 1579 I. Fest-Ouvertüre
1290 1482 1613 1580 A. LEUTNER
257 1568 677 1655 2. Buda-Czardas
1290 1568 1619 1646 G. MICHIELS
265 1639 1057 1721 3. I Medici (sélection sur l'opéra)
1299 1646 1725 1730 R. LEONCAVALLO
259 1721 925 1807 4. Tcherkess (danse russe)
1287 1721 1577 1823 L. POUGET
871 1796 1115 1887 2me PARTIE
257 1872 1022 1973 5. Marche aux flambeaux (n° I)
1294 1869 1677 1975 G. MEYERBEER
257 1956 1250 2035 6. Princesse d’Auberge (introduction du 2e acte)
1292 1955 1559 2060 J. Blockx
265 2028 1069 2106 7. Esclarmonde (suite d’orchestre)
1287 2042 1622 2133 J. MASSENET
374 2091 1230 2194 A) Hyménée; B) L'Ile magique; c) Invocation.
256 2152 655 2245 8. Zenda (valse)
1285 2155 1725 2250 EDM. FILIPPUCCI
254 2268 1719 2351 MM. les Aristes de l’Orchestre de Symphonie de la Société, organisent le Lundi
416 2331 1719 2380 20 Juin à 8 1/2 heures du soir, dans la Salle des fétes, un GRAND
416 2369 1725 2418 CONCERT au bénéfice de la Veuve et des Enfants d’un Membre de
416 2402 1728 2453 l’Orchestre. — Ce concert sera donné avec le gracieux concours de
420 2442 1717 2502 Mme Hélène FELTESSE du Grand Théâtre d’Alger et M. Gustave
425 2484 898 2526 WALTHER, Violoniste
416 2518 1102 2571 Prix des places : Réservées : fr. 5
1132 2506 1726 2610 Premières : fr. 3. — Première
422 2555 1159 2608 galerie: fr. 2.— Deuxième galerie : fr. 1
422 2584 1710 2661 On peut se procurer des cartes aux guichets du Jardin et chez les prin
416 2643 1183 2719 cipaux marchands de musique de la ville.
256 2725 1719 2798 Les Concerts-Militaires ont lieu tous les jours de 3 1|2 à 5 1/2 hs. de l’après-midi.
422 2785 1719 2832 et, en outre, les Mardis à 8 hs. du soir ; les Concerts de Symphonie, les
416 2818 1086 2867 Jeudis et Dimanches à 8 hs. du soir.
261 2891 1644 2977 N.-B. — On ne pourra retenir sous aucun prétexte des places non occupées.
