2056 3270
431 334 1576 420 Koninklijke Maatschappij van Dierkunde
764 420 1233 515 VAN ANTWERPEN
277 493 1726 597 ̃ ̃ * * * r * „ „ * * _ * *
469 572 1543 682 Zondag 12 Juni 1904, te 8 uren ’s avonds
266 693 1173 900 Symtonisch
1184 711 1653 869 Concer
291 898 1704 988 DOOR HET ORKEST DER MAATSCHAPPIJ
436 977 1567 1067 onder de leiding van MNoteritelb kleurvels
940 1065 1057 1162 & C.
748 1164 1228 1303 programma
914 1299 1100 1376 le DEEL
269 1356 733 1457 I. Fest-Ouvertüre
1294 1352 1618 1464 A LEUTNER
268 1446 709 1532 2. Buda-Czardas
1308 1455 1633 1552 G. MICHIELS
258 1515 1252 1629 3. I Medici (bloemlezing uit het zangspel)
1299 1517 1726 1620 R. LEONCAVALLO
266 1594 1008 1704 4 Tcherkess (Russische dans).
1297 1600 1583 1699 L POUGET
916 1697 1092 1770 2e DEEL
258 1754 768 1851 5. Fakkeltocht (nr I)
1297 1746 1673 1853 G. MEYERBER
268 1851 1255 1935 6. Herbergprinses (inleiding tot het 2de bedrijf)
1299 1840 1570 1937 J. BlOCXX
260 1920 947 2003 7. Esclarmonde (orkestsuite)
1294 1924 1618 2038 J. MASSENET
381 1974 1270 2067 A) Bruiloft ; B) Het Toovereiland; c) Aanroeping.
258 2036 667 2135 8 Zenda (wals)
1292 2051 1726 2139 EDM. FILIPFUCCI
258 2155 1719 2241 Maandag, 2) Juni, te 8 1/2 uren ’s avonds, in de Feesthalle : GROOT MuzIEK
429 2221 1732 2278 FEEST ingericht door het Symtonisch Orkest der Maatschappij ten
421 2259 1730 2311 voordeele der Weduwe en Kinderen van een Orkesthd, en met de
427 2303 1732 2360 vereerende medewerking van Mev. Helena FELTESSE van den
420 2327 1724 2399 Grooten Schouwburg van Algiers, en den Heer Gustaaf WALTHER,
425 2371 570 2423 Violist.
416 2406 1734 2483 Prijzen der Plaatsen: Voorbeboudene: fr. 5. — Eerste : fr. 3. — Ferste
416 2457 1230 2501 gaanderij:fr. 2.— Tweede gaanderij : fr. 1.
418 2498 1723 2560 Kaarten zijn te bekomen aan de winketten van den Tuin en bij de
421 2533 1187 2606 voorraamste muziekhandelaren der stad.
255 2635 1719 2697 De Militaire-Concerten hebben dagelijks plaats van 3 1/2 tot 51/2 uren ’s namid¬
416 2686 1728 2747 dags en, daarenboven, ’s Dingsdags ’m 8 uren's avonds; de Symfonische
421 2721 1448 2773 Concerten op Donderdag en Zondag te 8 uren ’s avonds.
255 2793 1728 2850 N.-B — Niet ingenomen plaatsen mogen onder geen voorwendsel voorbehouden
420 2831 566 2906 worden
1087 2859 1640 2958 F. lanssens-Anthonis. — Antwerpen.
