2056 3270
455 60 1510 168 Société Royale de Zoologie d'Anvers
242 213 1707 301 ̃ ̃̃ t * t * * r * * * a * * - * *
477 302 1488 390 Jeudi 16 Juin 1904, à 8 heures du soir
246 402 1710 616 Concert de Symphonie
328 628 1606 716 PAR L'ORCHESTRE DE LA SOCIÉTÉ
404 718 1546 812 sous la direction de M.-EDWERD REURVELS
916 810 1025 914 FJ
723 922 1204 1053 programme
872 1055 1095 1133 1re PARTIE
235 1120 763 1220 I. Obéron (ouverture)
1249 1124 1705 1220 C. M. VONWEBER
237 1202 1011 1295 2. Ligho (tableau symphonique)
1249 1202 1577 1280 JOS. WITHOL
324 1257 1708 1320 Le saint bocage sur la cime du Mont-Bleu, au clair de lune. Le calme de la
242 1313 1701 1360 nuit est interrompu par les sons des trompettes, qui convoquent le peuple lette
251 1351 1697 1399 pour rendre hommage aux Dieux. Le peuple salue les prêtres Percon et Potrimpe.
242 1391 1697 1435 et entoure l'autel de Ligho, le dieu de l'amour et de l’abondance. Après les sacri
242 1430 1707 1472 fices commencent les rejouissances ; le jeu et la danse alternent avec des chants
242 1468 1705 1512 qui célèbrent Ligho. Les sons des trompettes annoncent alors la fin de la fête, et
242 1503 1257 1557 le calme de la nuit règne de nouveau dans le lieu sacré
237 1548 1136 1632 3. Polyeucte (Fête dans le Temple de Jupiter,
1238 1550 1548 1634 EDG. TINEL
433 1617 1499 1672 N° 2 de la suite symphonique pour le Polyeucte de Corneille
355 1659 1701 1745 A) Cortège ; B) Danses ; c) Irruption soudaine de Polyeucte et de Néarque.
237 1725 705 1807 4. Concert-Polacca
1248 1730 1548 1814 RUP. CHAPI
847 1799 1098 1885 2me PARTIE
240 1870 949 1969 5. Ungarische Sturmmarsch
1242 1878 1510 1972 FR. LISZT
237 1949 894 2022 6. Le Cid (ballet de l'opéra)
1238 1960 1566 2042 J. MASSENET
949 2016 1255 2082 — c) Aragonaise ;
362 2014 931 2082 A) Castillane; — B) Andalouse;
352 2067 1158 2144 p) Aubade;— E) Catalane; — E) Madrilène;
1204 2065 1470 2138 G) Navarraise.
233 2116 565 2204 7. Romanza
1240 2122 1621 2213 JOH. SVENDSEN
355 2173 958 2247 Violon-solo : M. Edm. De Herdt.
237 2229 1155 2331 8. Der fliegende Holländer (ouverture)
1224 2235 1625 2318 RICH. WAGNER
240 2360 1699 2437 MM. les Aristes de l’Orchestre de Symphonie de la Société, organisent le Lundi
392 2426 1696 2471 20 Juin à 8 1/2 heures du soir, dans la Salle des fétes, un GRAND
392 2464 1692 2508 CONCERT au bénéfice de la Veuve et des Enfants d’un Membre de
399 2502 1696 2548 l’Orchestre. — Ce concert sera donné avec le gracieux concours de
401 2544 1701 2593 Mme Hélène FELTESSE du Grand Théâtre d’Alger et M. Gustave
399 2575 872 2626 WALTHER, Violoniste
401 2604 1703 2672 Prix des places : Réservées : fr. 5. — Premières : tr. 3. — Première
392 2646 1140 2694 galerie: fr. 2.— Deuxième galerie : fr. 1.
395 2675 1690 2750 On peut se procurer des cartes aux guichets du Jardin et chez les prin¬
395 2734 1158 2797 cipaux marchands de musique de la ville.
231 2834 1690 2909 Les Concerts-Militaires ont lieu tous les jours de 3 1/2 à 5 1|2 hs. de l’après-midi.
392 2899 1696 2950 et, en outre, les Mardis à 8 hs. du soir ; les Concerts de Symphonie, les
386 2929 1067 2983 Jeudis et Dimanches à 8 hs. du soir.
231 3005 1628 3074 N.-B.— On ne pourra retenir sous aucun prétexte des places non occupées.
