2056 3270
128 9 213 99 d'
481 26 1141 156 Koumkirke mouest...
1527 40 1741 184 7 -
809 132 1277 226 VAN ANTWERPEN
316 198 1774 306 (3,3)3 1,000 muu-
479 281 1624 389 Donderdag 16 Juni 1904, te 8 uren ’s avonds
325 376 1705 571 Symfonisch Concer
349 595 1756 705 DOOR HET ORKEST DER MAATSCHAPPIJ
492 681 1622 785 onder de leiding van M. EDMARD REURVELS
1006 774 1108 881 FJ
809 873 1292 1009 programma
984 1000 1149 1068 1e DEEL
1338 1070 1782 1160 C. M. VONWEBER
321 1083 916 1176 I. Oberon (openingstuk).
1341 1147 1664 1228 JOS. WITHOL
321 1156 1046 1233 2. Ligho (symfonisch tafereel).
407 1198 1791 1268 Het heilig bosch op de hoogte van den Blauwen berg bij maneschijn. De
330 1261 1789 1308 kalmte des nachts wordt onderbroken door het geschal der trompetten,, welke
336 1297 1789 1352 het Lettische volk oproepen, om hulde te brengen aan de goden. Het volk begroet
332 1334 1785 1389 de priesters Percon en Potrimp, en omringt het altaar van Ligho, den god der
341 1378 1776 1422 liefde en van den overvloed. Na de offerplechtigheid beginnen de vermakelijk
332 1413 1785 1455 heden; spel en dans wisselen af met liederen ter eere van Ligho. Trompetgescha
327 1448 1795 1514 kondigt het einde van het feest aan; de kalmte des nachtsheerscht opnieuw in het
332 1497 562 1560 heilig oord.
330 1532 1239 1613 3. Polyeucte (Feest in den Tempel van Jupiter)
530 1598 1516 1657 N° 2 uit de symfonische suite voor Corneille’s Polyeucte
451 1652 1668 1738 A) Stoet ; B) Dansen ; c) Schielijke inval van Polyeucte en Nearcus.
327 1718 802 1813 4. Concert-Polacca
1338 1525 1635 1611 EDG. TINEL
1338 1710 1642 1795 RUP. CHAPI
980 1791 1147 1859 2° DEEL
1334 1864 1600 1962 FR. LiszT
330 1881 1099 1963 5. Hongaarsche stormmarsch
1347 1934 1663 2039 J. MASSENET
332 1945 1307 2024 6. Le Cid (danstooneelen uit het zangspel
451 2007 1332 2070 A) Castillane;—B) Andalouse; —c) Aragonaise;
1376 2041 1650 2112 G) Navarraise.
451 2057 1340 2138 b) Ochtendmuziek; — E) Catalane; F) Madrilène;
1341 2105 1719 2204 JOH. SVENDSEN
339 2118 661 2198 7. Romanza
462 2154 1079 2248 Viool-solo : Heer Edm. De Herdt.
336 2231 1730 2308 8. Der fliegende Holländer ( openingstuk) RICH WAGNER
332 2354 1798 2406 Maandag, 20 Juni, te 8 1/2 uren ’s avonds, in de Feesthalle : GROOT MuzIEK-
503 2397 1806 2452 TEEST ingericht door het Symtonisch Orkest der Maatschappij ten
506 2439 1804 2488 voordeele der Weduwe en Kinderen van een Orkestlid, en met de
501 2466 1800 2518 vereerende medewerking van Mev. Helena FELTESSE van den
503 2507 1804 2587 Grooten Schouwburg van Algiers, en den Heer Gustaaf WALTHER,
506 2558 646 2606 Violist.
1362 2558 1804 2653 Eerste: fr. 3. — Eerste
499 2582 1343 2650 Prijzen der Plaatsen : Voorbehoudene : fr. 5.
499 2630 1301 2685 gaanderij : fr. 2.— Tweede gaanderij: fr. 1.
503 2670 1811 2738 Kaarten zijn te bekomen aan de winketten van den Tuin en bij de
503 2712 1268 2786 voornaamste muziekhandelaren der stad.
345 2802 1806 2901 De Militaire-Concerten hebben dagelijks plaats van 3 1/2 tot 51/2 uren ’s namid-
499 2853 1809 2914 daas en, daarenboven, ’s Dingsdags om 8 uren ’ss avonds; de Symfonische
499 2901 1525 2951 Concerten op Donderdag en Zondag te 8 uren ’s avonds.
339 2967 1811 3055 N.-B.— Niet ingenomen plaatsen mogen onder geen voorwendsel voorbehouden
499 3017 655 3092 worden
1108 3033 1663 3121 F. Janssens-Anthonis. — Antwerpen.
