2056 3270
457 321 1517 448 Société Royale de Zoologie d'Anvers
250 444 1710 545 1 1/2 1/3................................. ̃  ==================
419 539 1541 648 Dimanche 19 Juin 1904, à 8 heures du soir
260 623 1716 830 Concert de Symphonie
348 860 1621 965 PAR L’ORCHESTRE DE LA SOCIÉTÉ
413 934 1550 1047 sous la direction de M. accavo KEURVELS
923 1011 1031 1138 xx
728 1105 1209 1248 programme
876 1240 1104 1339 1re PARTIE
251 1309 1115 1408 I. Le Capitaine Henriot (ouverture)
1222 1319 1632 1417 FR. A. Gassaert
242 1390 681 1475 2. Réminiscences
1218 1379 1583 1466 J. OFFENBACH
242 1455 925 1530 3. Die Loreley (paraphrose).
1222 1448 1552 1559 J. NESVADBA
1226 1515 1488 1617 L GANNE
255 1521 794 1635 4. Little Tich (marche)
863 1595 1111 1683 2me PARTIE
250 1676 1055 1778 5. Le Roi de Lahore (ouverture)
1217 1686 1543 1765 J. MASSENET
1220 1754 1548 1861 CH. GOUNOD
251 1748 878 1834 6. La Nuit de Walpurgis
443 1810 1009 1903 (ballet de l’opéra Faust)
251 1856 1708 1976 7. Adagio de la 8e Sonate pour le piano L. VAN BEernhoven
446 1940 1164 2043 forchestré par Edw. Keurvels
250 2002 798 2091 8 Entrée des Nobles
1231 1982 1612 2102 RICH. WAGNER
452 2062 1007 2156 (de l'opéra Tannhäuser)
250 2176 1710 2247 MM. les Aristes de l'Orchestre de Symphonie de la Société, organisent le Lundi
406 2231 1708 2284 20 Juin à 8 1/2 heures du soir, dan¬ la Salle des fétes, un GRAND
413 2275 1714 2317 CONCERT au bénéfice de la Veuve et des Enfants d’un Membre de
410 2309 1710 2351 l’Orchestre. — Ce concert sera donné avec le gracieux concours de
410 2346 1710 2430 Mme Hélène FELTESSE du Grand Théâtre d’Alger et M. Gustave
415 2389 896 2440 WALTHER, Violoniste.
410 2410 1710 2501 l’rix des places Réservées fr. 5. — Promières fr. 3. – Première
410 2461 1158 2510 galerie: fr. 2.— Deuxième galerie : fr. 1.
410 2484 1701 2557 On peut se procurer des cartes aux guichets du Jardin et chez les prin-
413 2541 1180 2619 cipaux marchands de musique de la ville.
246 2635 1705 2695 Les Concerts-Militaires ont l'eu tous les jours de 3 1/2 à 5 1|2 hs. de l’après-midi
410 2694 1716 2759 et, en outre, les Mardis à 8 hs. du soir les Concerts de Symphonie, les
406 2723 1075 2777 Jeudis et Dimanches à 8 hs. du soir
415 2794 1645 2874 On ne pourra retenir sous aucun prétexte des places non occupées.
253 2761 401 2868 N.-B.
829 2870 911 2952 décidé
