<?xml version="1.0" encoding="UTF-8" standalone="yes"?>
<PcGts xmlns="http://schema.primaresearch.org/PAGE/gts/pagecontent/2013-07-15" xmlns:xsi="http://www.w3.org/2001/XMLSchema-instance" xsi:schemaLocation="http://schema.primaresearch.org/PAGE/gts/pagecontent/2013-07-15 http://schema.primaresearch.org/PAGE/gts/pagecontent/2013-07-15/pagecontent.xsd">
    <Metadata>
        <Creator>prov=READ-COOP:name=TrHtr:version=2.18.1:model_id=51170:date=16_10_2024_05:36</Creator>
        <Created>2024-10-15T15:15:12.518+02:00</Created>
        <LastChange>2024-10-16T05:36:10.061+02:00</LastChange>
        <TranskribusMetadata docId="4641973" pageId="80334095" pageNr="120" tsid="193993463" status="IN_PROGRESS" userId="131016" imgUrl="https://files.transkribus.eu/Get?id=NBSIFXTUEQUOLWOIMMPVURRQ&amp;fileType=view" xmlUrl="https://files.transkribus.eu/Get?id=YMKWJFVCFZZQDIBTDGHGFHZJ" imageId="65794708"/>
    </Metadata>
    <Page imageFilename="0120_kca-srdda-cpr1904-030901108875-tx-00120.jpg" imageWidth="2056" imageHeight="3270">
        <ReadingOrder>
            <OrderedGroup id="ro_1757315612209" caption="Regions reading order">
                <RegionRefIndexed index="0" regionRef="tr_1"/>
                <RegionRefIndexed index="1" regionRef="tr_2"/>
            </OrderedGroup>
        </ReadingOrder>
        <TextRegion id="tr_1" custom="readingOrder {index:0;}">
            <Coords points="184,334 1721,334 1721,2250 184,2250"/>
            <TextLine id="tr_1_tl_1" custom="readingOrder {index:0;}">
                <Coords points="407,421 539,394 605,427 815,396 1546,412 1546,337 1461,311 1264,342 957,313 407,331"/>
                <Baseline points="417,384 462,384 507,387 551,384 596,387 641,387 686,387 730,387 775,390 820,387 865,387 909,387 954,387 999,390 1044,390 1089,387 1133,387 1178,384 1223,384 1268,384 1312,384 1357,384 1402,384 1447,384 1491,384 1536,387 1548,390"/>
                <TextEquiv>
                    <Unicode>Koninklijke Maatschappij van Dierkunde</Unicode>
                </TextEquiv>
            </TextLine>
            <TextLine id="tr_1_tl_2" custom="readingOrder {index:1;}">
                <Coords points="743,502 797,499 867,467 942,500 1021,475 1089,500 1150,475 1216,477 1216,418 1190,412 959,421 918,410 892,425 852,410 795,425 743,408"/>
                <Baseline points="754,465 772,465 817,465 862,468 907,465 951,468 996,468 1041,465 1086,465 1130,465 1175,462 1220,462"/>
                <TextEquiv>
                    <Unicode>VAN ANTWERPEN</Unicode>
                </TextEquiv>
            </TextLine>
            <TextLine id="tr_1_tl_3" custom="readingOrder {index:2;}">
                <Coords points="248,561 1660,569 1700,491 248,502"/>
                <Baseline points="259,543 271,543 316,545 361,545 405,545 450,545 495,545 540,545 584,545 629,545 674,543 719,543 763,543 808,543 853,543 898,543 942,543 987,543 1032,543 1077,543 1121,543 1166,543 1211,543 1256,543 1300,540 1345,543 1390,545 1435,545 1479,545 1524,545 1569,543 1614,543 1658,543 1703,540"/>
                <TextEquiv>
                    <Unicode>̃ ̃ t * * r * * M * * * • * *</Unicode>
                </TextEquiv>
            </TextLine>
            <TextLine id="tr_1_tl_4" custom="readingOrder {index:3;}">
                <Coords points="449,651 810,626 1264,651 1398,622 1487,650 1516,642 1516,570 1069,581 992,548 797,585 657,587 626,559 449,580"/>
                <Baseline points="459,620 504,617 548,617 593,617 638,620 683,617 727,617 772,617 817,617 862,617 907,617 951,617 996,617 1041,617 1086,617 1130,617 1175,617 1220,617 1265,617 1309,617 1354,617 1399,617 1444,617 1488,617 1521,620"/>
                <TextEquiv>
                    <Unicode>Zondag 19 Juni 1904, te 8 uren ’s avonds</Unicode>
                </TextEquiv>
            </TextLine>
            <TextLine id="tr_1_tl_5" custom="readingOrder {index:4;}">
                <Coords points="1135,821 1248,834 1279,819 1336,839 1363,824 1430,839 1455,822 1489,852 1601,824 1639,834 1698,821 1698,708 1658,729 1627,712 1558,764 1457,758 1402,703 1354,727 1299,708 1135,771"/>
                <Baseline points="1145,811 1166,808 1211,805 1256,808 1300,808 1345,808 1390,808 1435,808 1479,808 1524,808 1569,808 1614,808 1658,805 1703,808"/>
                <TextEquiv>
                    <Unicode>Concert</Unicode>
                </TextEquiv>
            </TextLine>
            <TextLine id="tr_1_tl_6" custom="readingOrder {index:5;}">
                <Coords points="248,821 460,859 637,813 760,845 975,821 1102,841 1102,681 1010,648 959,686 898,668 789,708 708,705 611,653 456,686 329,640 248,681"/>
                <Baseline points="259,817 301,814 346,817 390,811 435,808 480,811 525,814 569,814 614,814 659,811 704,811 748,811 793,811 838,811 883,811 927,811 972,811 1017,811 1062,808 1106,808"/>
                <TextEquiv>
                    <Unicode>Symfonisch</Unicode>
                </TextEquiv>
            </TextLine>
            <TextLine id="tr_1_tl_7" custom="readingOrder {index:6;}">
                <Coords points="267,955 1617,955 1687,946 1687,867 1047,889 718,848 609,891 267,889"/>
                <Baseline points="277,942 304,939 349,936 393,939 438,939 483,939 528,939 572,939 617,939 662,936 707,936 751,936 796,936 841,936 886,936 930,939 975,939 1020,936 1065,936 1109,936 1154,936 1199,936 1244,936 1288,933 1333,936 1378,933 1423,936 1467,936 1512,933 1557,936 1602,933 1646,933 1691,933"/>
                <TextEquiv>
                    <Unicode>DOOR HET ORKEST DER MAÄTSCHAPPIJ</Unicode>
                </TextEquiv>
            </TextLine>
            <TextLine id="tr_1_tl_8" custom="readingOrder {index:7;}">
                <Coords points="416,1049 747,1023 874,1056 1213,1010 1282,1051 1503,1058 1555,1040 1555,960 416,984"/>
                <Baseline points="426,1011 471,1011 516,1011 560,1011 605,1011 650,1011 695,1011 739,1011 784,1011 829,1008 874,1011 918,1011 963,1008 1008,1008 1053,1008 1097,1005 1142,1008 1187,1008 1232,1005 1276,1005 1321,1005 1366,1005 1411,1005 1455,1008 1500,1008 1545,1008 1560,1011"/>
                <TextEquiv>
                    <Unicode>onder de leiding van M. ED kan Deurvels</Unicode>
                </TextEquiv>
            </TextLine>
            <TextLine id="tr_1_tl_9" custom="readingOrder {index:8;}">
                <Coords points="927,1126 940,1126 960,1135 973,1124 979,1126 1003,1113 1012,1121 1040,1124 1045,1036 1030,1040 1027,1036 1018,1038 1008,1029 999,1032 988,1027 983,1032 935,1025"/>
                <Baseline points="939,1106 954,1106 999,1103 1044,1100"/>
                <TextEquiv>
                    <Unicode>xx</Unicode>
                </TextEquiv>
            </TextLine>
            <TextLine id="tr_1_tl_10" custom="readingOrder {index:9;}">
                <Coords points="742,1227 808,1257 881,1259 894,1246 955,1260 1021,1251 1062,1225 1213,1220 1214,1143 1122,1146 1036,1124 986,1154 937,1126 743,1119"/>
                <Baseline points="751,1211 769,1205 814,1202 859,1202 904,1205 948,1205 993,1202 1038,1202 1083,1202 1127,1202 1172,1202 1217,1202"/>
                <TextEquiv>
                    <Unicode>programma</Unicode>
                </TextEquiv>
            </TextLine>
            <TextLine id="tr_1_tl_11" custom="readingOrder {index:10;}">
                <Coords points="907,1310 955,1325 972,1314 981,1319 1005,1301 1036,1319 1052,1314 1062,1321 1071,1310 1080,1310 1078,1259 1064,1257 1054,1266 1049,1260 1041,1266 1016,1266 995,1251 983,1257 975,1251 948,1268 937,1262 918,1279 905,1275"/>
                <Baseline points="915,1294 960,1291 1005,1294 1050,1297 1083,1300"/>
                <TextEquiv>
                    <Unicode>1e DEEL</Unicode>
                </TextEquiv>
            </TextLine>
            <TextLine id="tr_1_tl_12" custom="readingOrder {index:11;}">
                <Coords points="1227,1393 1268,1389 1305,1408 1327,1395 1356,1409 1411,1387 1492,1398 1511,1389 1533,1408 1582,1406 1608,1387 1630,1393 1630,1316 1570,1317 1503,1351 1448,1327 1428,1338 1404,1321 1347,1351 1294,1351 1270,1330 1227,1340"/>
                <Baseline points="1238,1381 1282,1381 1327,1384 1372,1381 1417,1381 1461,1381 1506,1381 1551,1381 1596,1381 1635,1381"/>
                <TextEquiv>
                    <Unicode>FR. A.GEVAERT.</Unicode>
                </TextEquiv>
            </TextLine>
            <TextLine id="tr_1_tl_13" custom="readingOrder {index:12;}">
                <Coords points="248,1406 1157,1411 1176,1330 806,1354 681,1312 534,1334 385,1314 248,1356"/>
                <Baseline points="259,1387 304,1387 349,1387 393,1387 438,1384 483,1384 528,1384 572,1384 617,1381 662,1384 707,1381 751,1381 796,1381 841,1381 886,1384 930,1384 975,1384 1020,1384 1065,1384 1109,1381 1154,1387 1178,1387"/>
                <TextEquiv>
                    <Unicode>I. Le Capitaine Henriot (openingstuk)</Unicode>
                </TextEquiv>
            </TextLine>
            <TextLine id="tr_1_tl_14" custom="readingOrder {index:13;}">
                <Coords points="1231,1474 1262,1476 1301,1454 1319,1465 1439,1455 1512,1468 1527,1457 1588,1457 1588,1411 1570,1406 1520,1411 1505,1400 1478,1419 1465,1408 1413,1415 1386,1398 1341,1411 1323,1397 1281,1420 1231,1402"/>
                <Baseline points="1241,1455 1279,1453 1324,1450 1369,1447 1414,1450 1458,1450 1503,1450 1548,1450 1593,1447"/>
                <TextEquiv>
                    <Unicode>J. OFFENBACH</Unicode>
                </TextEquiv>
            </TextLine>
            <TextLine id="tr_1_tl_15" custom="readingOrder {index:14;}">
                <Coords points="252,1457 296,1466 315,1455 368,1476 421,1459 517,1459 556,1461 594,1485 642,1466 701,1478 701,1404 679,1398 611,1422 546,1402 521,1420 460,1404 405,1424 362,1400 322,1430 289,1411 252,1424"/>
                <Baseline points="262,1455 301,1453 346,1450 390,1450 435,1450 480,1450 525,1450 569,1450 614,1450 659,1450 704,1453"/>
                <TextEquiv>
                    <Unicode>2. Herinneringen</Unicode>
                </TextEquiv>
            </TextLine>
            <TextLine id="tr_1_tl_16" custom="readingOrder {index:15;}">
                <Coords points="1222,1538 1286,1527 1299,1538 1325,1527 1354,1542 1369,1527 1402,1524 1489,1536 1509,1527 1524,1542 1553,1535 1553,1479 1518,1487 1498,1472 1479,1485 1455,1472 1435,1489 1319,1470 1281,1485 1268,1474 1222,1472"/>
                <Baseline points="1232,1524 1244,1521 1288,1515 1333,1512 1378,1515 1423,1515 1467,1515 1512,1515 1557,1515"/>
                <TextEquiv>
                    <Unicode>J. NESVADBA</Unicode>
                </TextEquiv>
            </TextLine>
            <TextLine id="tr_1_tl_17" custom="readingOrder {index:16;}">
                <Coords points="248,1535 948,1540 977,1536 977,1472 900,1489 773,1463 714,1489 637,1468 594,1485 554,1461 248,1483"/>
                <Baseline points="259,1521 304,1521 349,1518 393,1518 438,1518 483,1518 528,1518 572,1518 617,1518 662,1518 707,1518 751,1518 796,1515 841,1515 886,1518 930,1521 975,1524 981,1524"/>
                <TextEquiv>
                    <Unicode>3. Die Loreley (omschrijving)</Unicode>
                </TextEquiv>
            </TextLine>
            <TextLine id="tr_1_tl_18" custom="readingOrder {index:17;}">
                <Coords points="1222,1621 1238,1627 1270,1610 1323,1608 1352,1592 1363,1601 1374,1593 1400,1606 1415,1601 1424,1610 1432,1603 1459,1621 1481,1616 1483,1538 1437,1551 1395,1542 1376,1553 1316,1531 1288,1546 1271,1536 1224,1544"/>
                <Baseline points="1232,1584 1262,1584 1306,1584 1351,1581 1396,1584 1441,1581 1485,1581"/>
                <TextEquiv>
                    <Unicode>L. GANNE</Unicode>
                </TextEquiv>
            </TextLine>
            <TextLine id="tr_1_tl_19" custom="readingOrder {index:18;}">
                <Coords points="247,1614 537,1593 574,1610 640,1604 683,1630 712,1606 810,1599 810,1544 587,1560 532,1538 432,1536 405,1557 287,1555 247,1579"/>
                <Baseline points="256,1596 277,1596 322,1593 366,1590 411,1587 456,1587 501,1587 545,1587 590,1587 635,1587 680,1587 725,1587 769,1587 814,1587"/>
                <TextEquiv>
                    <Unicode>4. little Tich (marsch)</Unicode>
                </TextEquiv>
            </TextLine>
            <TextLine id="tr_1_tl_20" custom="readingOrder {index:19;}">
                <Coords points="900,1682 913,1682 922,1674 946,1685 968,1674 988,1678 999,1673 1006,1680 1019,1674 1038,1691 1041,1685 1051,1693 1058,1689 1073,1695 1071,1628 1056,1627 1040,1610 990,1630 949,1619 933,1608 898,1614"/>
                <Baseline points="909,1661 954,1661 999,1661 1044,1664 1077,1667"/>
                <TextEquiv>
                    <Unicode>2e DEEL</Unicode>
                </TextEquiv>
            </TextLine>
            <TextLine id="tr_1_tl_21" custom="readingOrder {index:20;}">
                <Coords points="1216,1759 1240,1772 1259,1772 1279,1754 1345,1766 1363,1755 1419,1755 1466,1777 1511,1755 1555,1768 1555,1704 1518,1702 1503,1687 1487,1695 1459,1685 1424,1715 1376,1696 1356,1709 1338,1700 1255,1708 1216,1691"/>
                <Baseline points="1226,1754 1244,1751 1288,1748 1333,1748 1378,1748 1423,1745 1467,1745 1512,1745 1557,1748"/>
                <TextEquiv>
                    <Unicode>J. MASSENET</Unicode>
                </TextEquiv>
            </TextLine>
            <TextLine id="tr_1_tl_22" custom="readingOrder {index:21;}">
                <Coords points="243,1774 1078,1777 1078,1700 1025,1680 558,1726 462,1695 326,1726 243,1698"/>
                <Baseline points="253,1757 277,1757 322,1754 366,1751 411,1751 456,1751 501,1751 545,1751 590,1748 635,1751 680,1751 725,1748 769,1748 814,1751 859,1751 904,1751 948,1751 993,1751 1038,1751 1083,1754"/>
                <TextEquiv>
                    <Unicode>5. Le Roi de Lahore (opingstuk)</Unicode>
                </TextEquiv>
            </TextLine>
            <TextLine id="tr_1_tl_23" custom="readingOrder {index:22;}">
                <Coords points="1235,1816 1319,1842 1358,1823 1369,1834 1424,1825 1443,1834 1466,1822 1507,1846 1527,1831 1564,1829 1564,1779 1531,1783 1483,1770 1472,1781 1461,1772 1422,1783 1402,1770 1345,1763 1301,1779 1266,1765 1235,1776"/>
                <Baseline points="1244,1816 1288,1816 1333,1814 1378,1814 1423,1814 1467,1814 1512,1814 1557,1816 1566,1816"/>
                <TextEquiv>
                    <Unicode>CH. GOUNOD</Unicode>
                </TextEquiv>
            </TextLine>
            <TextLine id="tr_1_tl_24" custom="readingOrder {index:23;}">
                <Coords points="252,1836 326,1820 359,1847 385,1833 438,1849 467,1827 500,1827 537,1849 609,1825 644,1842 743,1847 745,1794 655,1768 600,1790 440,1772 381,1785 302,1777 252,1794"/>
                <Baseline points="262,1825 301,1822 346,1819 390,1819 435,1819 480,1819 525,1819 569,1819 614,1816 659,1816 704,1816 748,1819"/>
                <TextEquiv>
                    <Unicode>6. Walpurgisnacht.</Unicode>
                </TextEquiv>
            </TextLine>
            <TextLine id="tr_1_tl_25" custom="readingOrder {index:24;}">
                <Coords points="445,1903 931,1884 1161,1917 1262,1882 1356,1893 1356,1834 1299,1844 1244,1814 1040,1825 986,1853 920,1822 821,1851 745,1825 710,1849 445,1838"/>
                <Baseline points="456,1882 465,1882 510,1879 554,1879 599,1879 644,1879 689,1876 733,1876 778,1876 823,1876 868,1876 912,1876 957,1876 1002,1876 1047,1876 1091,1876 1136,1876 1181,1876 1226,1873 1271,1873 1315,1873 1360,1876"/>
                <TextEquiv>
                    <Unicode>(danstooneelen uit het zangspel Faust)</Unicode>
                </TextEquiv>
            </TextLine>
            <TextLine id="tr_1_tl_26" custom="readingOrder {index:25;}">
                <Coords points="1227,1952 1424,1952 1512,1974 1573,1950 1717,1956 1717,1904 1665,1895 1560,1908 1527,1880 1505,1890 1476,1875 1406,1910 1338,1890 1312,1903 1271,1880 1227,1892"/>
                <Baseline points="1238,1939 1282,1939 1327,1939 1372,1942 1417,1939 1461,1939 1506,1942 1551,1939 1596,1939 1640,1939 1685,1939 1721,1942"/>
                <TextEquiv>
                    <Unicode>L. VAN BEETHOVEN</Unicode>
                </TextEquiv>
            </TextLine>
            <TextLine id="tr_1_tl_27" custom="readingOrder {index:26;}">
                <Coords points="247,1961 434,1976 502,1949 618,1969 738,1949 880,1972 1075,1950 1075,1897 1054,1895 948,1921 800,1899 657,1921 248,1875"/>
                <Baseline points="259,1951 274,1951 319,1951 363,1948 408,1948 453,1948 498,1948 543,1948 587,1948 632,1948 677,1945 722,1939 766,1942 811,1942 856,1945 901,1942 945,1942 990,1945 1035,1945 1080,1942"/>
                <TextEquiv>
                    <Unicode>6. Adagio uit de 8ste Klaviersonata</Unicode>
                </TextEquiv>
            </TextLine>
            <TextLine id="tr_1_tl_28" custom="readingOrder {index:27;}">
                <Coords points="445,2024 789,2013 880,2042 929,2011 968,2033 1459,2015 1459,1971 1422,1950 1222,1976 1038,1950 445,1969"/>
                <Baseline points="456,2010 498,2004 543,2004 587,2004 632,2004 677,2004 722,2001 766,2004 811,2004 856,2001 901,2001 945,2001 990,2001 1035,2001 1080,2001 1124,2001 1169,1998 1214,1998 1232,1998 1241,1998 1285,1998 1330,1998 1375,1996 1420,1996 1464,1996"/>
                <TextEquiv>
                    <Unicode>(voor orkest bewerkt door Edw. Keurvels</Unicode>
                </TextEquiv>
            </TextLine>
            <TextLine id="tr_1_tl_29" custom="readingOrder {index:28;}">
                <Coords points="1231,2087 1362,2077 1424,2107 1465,2092 1531,2107 1577,2087 1619,2098 1619,2026 1603,2018 1573,2030 1553,2013 1500,2026 1415,2017 1376,2037 1330,2011 1295,2031 1233,2006"/>
                <Baseline points="1241,2064 1285,2067 1330,2067 1375,2067 1420,2064 1464,2067 1509,2067 1554,2064 1599,2064 1623,2067"/>
                <TextEquiv>
                    <Unicode>RICH WAGNER</Unicode>
                </TextEquiv>
            </TextLine>
            <TextLine id="tr_1_tl_30" custom="readingOrder {index:29;}">
                <Coords points="173,2134 311,2087 381,2105 508,2077 607,2098 666,2079 712,2099 799,2088 799,2039 675,2020 565,2046 491,2020 469,2035 401,2020 311,2050 228,2031 175,2042"/>
                <Baseline points="184,2094 220,2088 265,2079 310,2079 355,2073 399,2073 444,2073 489,2073 534,2070 578,2070 623,2070 668,2070 713,2070 757,2067 802,2073"/>
                <TextEquiv>
                    <Unicode>8. Intocht der Edelen</Unicode>
                </TextEquiv>
            </TextLine>
            <TextLine id="tr_1_tl_31" custom="readingOrder {index:30;}">
                <Coords points="453,2169 653,2138 810,2169 865,2144 970,2153 1025,2134 1075,2160 1141,2155 1141,2085 1047,2068 933,2099 883,2077 810,2101 675,2081 539,2098 508,2077 453,2094"/>
                <Baseline points="462,2130 474,2133 519,2133 563,2130 608,2130 653,2130 698,2130 742,2133 787,2130 832,2130 877,2130 921,2127 966,2127 1011,2127 1056,2127 1100,2127 1145,2127"/>
                <TextEquiv>
                    <Unicode>(uit het zangspel Tannhäuser)</Unicode>
                </TextEquiv>
            </TextLine>
            <TextLine id="tr_1_tl_32" custom="readingOrder {index:31;}">
                <Coords points="252,2260 1713,2241 1715,2190 1524,2160 1465,2197 657,2212 350,2168 254,2204"/>
                <Baseline points="262,2240 286,2240 331,2237 375,2237 420,2237 465,2234 510,2234 554,2234 599,2234 644,2234 689,2234 733,2234 778,2231 823,2231 868,2231 912,2231 957,2231 1002,2231 1047,2228 1091,2231 1136,2228 1181,2225 1226,2225 1271,2228 1315,2228 1360,2225 1405,2225 1450,2225 1494,2225 1539,2225 1584,2225 1629,2225 1673,2225 1718,2222"/>
                <TextEquiv>
                    <Unicode>Maandag, 20 Juni, te 8 1/2 uren ’s avonds, in de Feesthalle : GROOT MuzIEK</Unicode>
                </TextEquiv>
            </TextLine>
        </TextRegion>
        <TextRegion id="tr_2" custom="readingOrder {index:1;}">
            <Coords points="265,2214 1736,2214 1736,2924 265,2924"/>
            <TextLine id="tr_2_tl_1" custom="readingOrder {index:0;}">
                <Coords points="420,2289 1673,2283 1728,2274 1728,2234 420,2250"/>
                <Baseline points="429,2276 435,2273 480,2273 525,2273 569,2273 614,2273 659,2273 704,2270 748,2270 793,2270 838,2270 883,2270 927,2270 972,2267 1017,2270 1062,2267 1106,2267 1151,2267 1196,2267 1241,2267 1285,2267 1330,2264 1375,2264 1420,2264 1464,2264 1509,2264 1554,2264 1599,2264 1643,2267 1688,2264 1733,2264"/>
                <TextEquiv>
                    <Unicode>FEEST ingericht door het Symtonisch. Orkest der Maatschappij ten</Unicode>
                </TextEquiv>
            </TextLine>
            <TextLine id="tr_2_tl_2" custom="readingOrder {index:1;}">
                <Coords points="416,2313 1650,2320 1722,2313 1722,2276 416,2289"/>
                <Baseline points="426,2312 429,2312 474,2312 519,2312 563,2312 608,2312 653,2312 698,2309 742,2306 787,2309 832,2309 877,2306 921,2309 966,2309 1011,2309 1056,2306 1100,2306 1145,2306 1190,2306 1235,2303 1279,2303 1324,2303 1369,2303 1414,2306 1458,2303 1503,2303 1548,2303 1593,2303 1637,2303 1682,2303 1727,2306"/>
                <TextEquiv>
                    <Unicode>voordeele der Weduwe en Kinderen van een Orkestlid, en met de</Unicode>
                </TextEquiv>
            </TextLine>
            <TextLine id="tr_2_tl_3" custom="readingOrder {index:2;}">
                <Coords points="416,2355 1730,2357 1730,2317 1678,2307 416,2313"/>
                <Baseline points="426,2351 435,2351 480,2351 525,2351 569,2351 614,2348 659,2348 704,2348 748,2348 793,2348 838,2348 883,2348 927,2345 972,2345 1017,2345 1062,2345 1106,2342 1151,2345 1196,2345 1241,2342 1285,2342 1330,2342 1375,2342 1420,2342 1464,2342 1509,2342 1554,2339 1599,2339 1643,2342 1688,2342 1733,2342"/>
                <TextEquiv>
                    <Unicode>vereerende medewerking van Mev. Helena FELTESSE van den</Unicode>
                </TextEquiv>
            </TextLine>
            <TextLine id="tr_2_tl_4" custom="readingOrder {index:3;}">
                <Coords points="420,2398 1693,2407 1724,2352 420,2359"/>
                <Baseline points="429,2389 474,2389 519,2389 563,2389 608,2389 653,2389 698,2386 742,2386 787,2389 832,2386 877,2386 921,2386 966,2386 1011,2386 1056,2383 1100,2383 1145,2383 1190,2383 1235,2383 1279,2383 1324,2380 1369,2380 1414,2380 1458,2380 1503,2380 1548,2380 1593,2380 1637,2380 1682,2380 1727,2386"/>
                <TextEquiv>
                    <Unicode>Grooten Schouwburg van Algiers, en den Heer Gustaaf WALTHER,</Unicode>
                </TextEquiv>
            </TextLine>
            <TextLine id="tr_2_tl_5" custom="readingOrder {index:4;}">
                <Coords points="420,2434 449,2436 453,2432 460,2440 471,2442 477,2436 493,2436 508,2444 519,2436 534,2444 543,2438 565,2442 563,2399 534,2399 528,2405 515,2396 495,2396 488,2401 418,2396"/>
                <Baseline points="429,2425 474,2428 519,2431 563,2431 569,2431"/>
                <TextEquiv>
                    <Unicode>Violist.</Unicode>
                </TextEquiv>
            </TextLine>
            <TextLine id="tr_2_tl_6" custom="readingOrder {index:5;}">
                <Coords points="1290,2480 1332,2473 1391,2491 1420,2478 1443,2490 1518,2464 1614,2484 1656,2471 1730,2486 1730,2418 1658,2405 1595,2431 1476,2405 1424,2436 1290,2412"/>
                <Baseline points="1300,2461 1345,2458 1390,2458 1435,2458 1479,2458 1524,2458 1569,2458 1614,2458 1658,2458 1703,2458 1733,2461"/>
                <TextEquiv>
                    <Unicode>Eerste : fr. 3. — Eerste</Unicode>
                </TextEquiv>
            </TextLine>
            <TextLine id="tr_2_tl_7" custom="readingOrder {index:6;}">
                <Coords points="416,2482 1257,2477 1229,2429 1135,2440 1086,2412 1016,2438 771,2418 416,2442"/>
                <Baseline points="426,2467 456,2470 501,2470 545,2467 590,2467 635,2464 680,2464 725,2464 769,2464 814,2464 859,2461 904,2464 948,2461 993,2461 1038,2461 1083,2461 1127,2461 1172,2461 1217,2461 1262,2461"/>
                <TextEquiv>
                    <Unicode>Prijzen der Plaatsen : Voorbehoudene : fr. 5.</Unicode>
                </TextEquiv>
            </TextLine>
            <TextLine id="tr_2_tl_8" custom="readingOrder {index:7;}">
                <Coords points="416,2524 1227,2512 1227,2471 416,2482"/>
                <Baseline points="426,2506 471,2506 516,2506 560,2506 605,2506 650,2503 695,2503 739,2503 784,2500 829,2500 874,2503 918,2503 963,2503 1008,2500 1053,2500 1097,2500 1142,2500 1187,2500 1232,2503"/>
                <TextEquiv>
                    <Unicode>gaanderij: fr. 2.— Tweede gaanderij : fr. 1.</Unicode>
                </TextEquiv>
            </TextLine>
            <TextLine id="tr_2_tl_9" custom="readingOrder {index:8;}">
                <Coords points="416,2556 1352,2539 1603,2583 1730,2547 1730,2499 416,2524"/>
                <Baseline points="426,2547 435,2547 480,2544 525,2547 569,2544 614,2544 659,2542 704,2542 748,2542 793,2542 838,2542 883,2542 927,2542 972,2542 1017,2539 1062,2539 1106,2539 1151,2539 1196,2539 1241,2539 1285,2536 1330,2539 1375,2536 1420,2539 1464,2536 1509,2536 1554,2536 1599,2536 1643,2536 1688,2536 1733,2539"/>
                <TextEquiv>
                    <Unicode>Kaarten zijn te bekomen aan de winketten van den Tuin en bij de</Unicode>
                </TextEquiv>
            </TextLine>
            <TextLine id="tr_2_tl_10" custom="readingOrder {index:9;}">
                <Coords points="420,2609 471,2626 550,2596 681,2611 712,2589 1086,2602 1192,2587 1192,2547 420,2559"/>
                <Baseline points="429,2583 435,2586 480,2586 525,2586 569,2583 614,2583 659,2583 704,2580 748,2580 793,2580 838,2580 883,2580 927,2580 972,2580 1017,2580 1062,2577 1106,2577 1151,2577 1196,2580"/>
                <TextEquiv>
                    <Unicode>voornaamste muziekhandelaren der stad.</Unicode>
                </TextEquiv>
            </TextLine>
            <TextLine id="tr_2_tl_11" custom="readingOrder {index:10;}">
                <Coords points="256,2699 1708,2688 1722,2631 583,2661 432,2616 256,2651"/>
                <Baseline points="265,2691 295,2691 340,2691 384,2691 429,2688 474,2688 519,2685 563,2685 608,2685 653,2685 698,2685 742,2685 787,2685 832,2685 877,2682 921,2682 966,2679 1011,2679 1056,2679 1100,2679 1145,2679 1190,2679 1235,2679 1279,2676 1324,2676 1369,2676 1414,2676 1458,2676 1503,2676 1548,2676 1593,2673 1637,2676 1682,2673 1727,2673"/>
                <TextEquiv>
                    <Unicode>De Militaire-Concerten hebben dagelijks plaats van 3 1/2 tot 51/2 uren ’s namid-</Unicode>
                </TextEquiv>
            </TextLine>
            <TextLine id="tr_2_tl_12" custom="readingOrder {index:11;}">
                <Coords points="416,2734 1603,2743 1730,2731 1730,2686 416,2707"/>
                <Baseline points="426,2726 435,2726 480,2726 525,2726 569,2726 614,2724 659,2724 704,2724 748,2724 793,2724 838,2721 883,2721 927,2721 972,2721 1017,2718 1062,2718 1106,2718 1151,2718 1196,2718 1241,2718 1285,2718 1330,2718 1375,2715 1420,2718 1464,2718 1509,2715 1554,2715 1599,2715 1643,2715 1688,2715 1733,2715"/>
                <TextEquiv>
                    <Unicode>dags en, daarenboven,'s Dingsdags om 8 uren ’s avonds; de Symfonische</Unicode>
                </TextEquiv>
            </TextLine>
            <TextLine id="tr_2_tl_13" custom="readingOrder {index:12;}">
                <Coords points="425,2780 1400,2773 1446,2769 1448,2736 425,2738"/>
                <Baseline points="435,2768 465,2768 510,2765 554,2765 599,2765 644,2765 689,2762 733,2762 778,2762 823,2762 868,2762 912,2759 957,2759 1002,2759 1047,2759 1091,2759 1136,2759 1181,2756 1226,2756 1271,2759 1315,2756 1360,2756 1405,2753 1450,2756"/>
                <TextEquiv>
                    <Unicode>Concerten op Donderdag en Zondag te 8 uren ’s avonds.</Unicode>
                </TextEquiv>
            </TextLine>
            <TextLine id="tr_2_tl_14" custom="readingOrder {index:13;}">
                <Coords points="254,2850 719,2878 1100,2843 1236,2881 1466,2839 1535,2887 1730,2878 1693,2789 256,2812"/>
                <Baseline points="265,2840 304,2843 349,2840 393,2840 438,2837 483,2840 528,2840 572,2840 617,2837 662,2837 707,2837 751,2837 796,2837 841,2834 886,2834 930,2834 975,2831 1020,2831 1065,2831 1109,2831 1154,2831 1199,2831 1244,2831 1288,2831 1333,2828 1378,2828 1423,2828 1467,2828 1512,2828 1557,2828 1602,2825 1646,2825 1691,2828 1736,2825"/>
                <TextEquiv>
                    <Unicode>N.-B.— Niet ingenomen plaatsen mogen onder geen voorwendsel voorbehouden</Unicode>
                </TextEquiv>
            </TextLine>
            <TextLine id="tr_2_tl_15" custom="readingOrder {index:14;}">
                <Coords points="416,2918 460,2915 467,2907 480,2916 499,2907 513,2913 524,2907 528,2911 537,2902 552,2907 561,2898 570,2898 570,2854 552,2848 537,2854 526,2846 508,2846 480,2850 473,2856 416,2848"/>
                <Baseline points="426,2879 471,2879 516,2879 560,2879 575,2882"/>
                <TextEquiv>
                    <Unicode>worden</Unicode>
                </TextEquiv>
            </TextLine>
            <TextLine id="tr_2_tl_16" custom="readingOrder {index:15;}">
                <Coords points="1030,2955 1183,2918 1238,2938 1321,2920 1367,2937 1408,2913 1455,2940 1538,2931 1586,2920 1588,2881 1426,2878 1397,2861 1365,2883 1266,2869 1141,2892 1032,2872"/>
                <Baseline points="1041,2911 1053,2911 1097,2911 1142,2914 1187,2911 1232,2911 1276,2911 1321,2908 1366,2908 1411,2908 1455,2908 1500,2908 1545,2908 1590,2908"/>
                <TextEquiv>
                    <Unicode>F. Janssens-Anthonis. — Antwerpen.</Unicode>
                </TextEquiv>
            </TextLine>
        </TextRegion>
    </Page>
</PcGts>
