2056 3270
491 382 1542 506 Société Royale de Zoologie d'Anvers
281 524 1747 629 ̃ ̃ * *  ================= ==================
520 644 1521 749 Jeudi 23 Juin 1904, à 8 heures du soir
828 728 1003 843 N
602 768 711 866 P
294 778 1741 935 Concert as ma ordinaire
388 971 1615 1066 par l’Orchestre de Symphonie de la Société
438 1055 1575 1162 sous la direction de M. accavo KEURVELS
749 1147 1275 1240 ET AVEC LE CONCOURS DE LA
241 1231 1776 1355 Société Chorale des Fonctionnaires des Chemins de Fer Autrichiens
950 1361 1057 1470 &C.
761 1449 1231 1605 programme
269 1605 787 1714 I. Marche solennelle.
269 1697 860 1789 2. Ouverture triomphale
266 1772 675 1871 3. Trois chœurs
338 1837 673 1927 A) Vom Rhein.
336 1911 1057 1999 B) So viel Stern am Himmel Stehen
338 1982 791 2060 c) Der verliabte Búa
269 2051 1196 2144 4. Phèdre (Ouverture pour la tragédie de Racine)
445 2125 1170 2190 « Ce n'est plus une ardeur en mes veines cachée,
451 2171 1143 2232 « C'est Vénus tout entière à sa proie attachée. —
264 2211 1246 2301 5. Lohengrin (transcription de J. Dupont)
260 2286 763 2399 6. Marche du Sacre
1273 1607 1732 1711 P. TsCHAïK0WSY
1275 1691 1594 1793 FERD. RIES
1279 1827 1605 1923 Max BRUCH
1281 1917 1734 1995 E. S. EINGELSBERG
1281 1978 1732 2068 THOMAS KOSCHAT
1277 2058 1600 2160 J. MASSENET
1273 2207 1659 2315 RICH. WAGNER
1271 2305 1655 2408 G. MEYERBEER
266 2450 1735 2546 AVIS : En cas de mauvais temps, le concert aura lieu dans la Salle et les
422 2530 1732 2578 n°s 3 à et 3 c du programme seront remplacés respectivement par les
422 2571 1734 2660 deux Chœurs suivants : Wiegenlied, de JOHANNES Brahws et Robin
422 2618 875 2689 Adair, de Dr F. EVRICHT
260 2687 1726 2764 Les Concerts-Militaires ont lieu tous les jours de 3 1/2 à 5 1/ 2 hs. de l'après-midi,
422 2748 1732 2836 et, en outre, les Mardis à 8 hs. du soir ; les Concerts de Symphonie, les
422 2794 1089 2861 Jeudis et Dimanches à 8 hs. du soir.
266 2882 1632 2968 N.-B. —On ne pourra retenir sous aucun prétexte des places non occupées.
