2056 3270
460 350 1599 449 Koninklijke Maatschappij van Dierkunde
776 451 1244 556 VAN ANTWERPEN
305 543 1761 646 1 „ „ — „ r * * * „ * * a * *
458 613 1610 742 Donderdag 23 Juni 1904, te 8 uren ’s avonds
296 714 1698 924 Buitengewoon Concer
396 916 1673 1032 door het Symfonisch Orkest der Maatschappij
467 1040 1597 1110 onder de leiding van M. ED kan Deurvels
751 1108 1347 1202 EN MET DE MEDEWERKING VAN DE
414 1176 517 1275 V Præs
828 1190 1089 1257 Ostonniksch
296 1190 1770 1316 Zangvereeniging der Oostenrijksche Beambten van Izerenwegen
983 1308 1084 1422 Sr
799 1428 1271 1558 programma
1310 1568 1768 1665 P. TsCHAÖK0WSY
300 1558 806 1658 I. Plechtige marsch
1316 1652 1612 1737 FERD. RIES
304 1647 900 1744 2. Ouverture triomphale
307 1730 666 1814 3. Drie Koren
1323 1785 1638 1873 Max BRUCH
368 1807 694 1890 A) Vom Rhein
1310 1864 1772 1947 E. S. ENGELSBERG
372 1871 1102 1941 B) So viel Stern am Himmel stehen
1314 1934 1765 2022 THOMAS KOSCHAT
374 1939 824 2026 c) Der verliebte Bua.
1305 2011 1636 2098 J. MASSENET
362 2007 1275 2081 Phædra (Openingstuk voor Recine's treurspel)
486 2077 1203 2136 « Ce n'est plus une ardeur en mes veines cachée,
486 2123 1183 2193 « C'est Vénus tout entière à sa proie attachée.
1314 2175 1702 2269 RICH. WAGNER
296 2180 1292 2280 5 Lohengrin (bloemlezing door J.Dupont)
1319 2252 1695 2342 G. MEYERBER
304 2261 786 2350 6. Wijdingsmarsch
296 2409 1768 2478 BERICHT : In geval van ongunstig weder, heeft het Concert plaats in de Zaal
464 2469 1777 2526 en worden de nummers 3 ö en 3 c van het programma door de volgende
467 2513 1772 2582 Koren vervangen: Wiegenlied, van JOHANNES BRAHMS en Robin Adair,
464 2572 797 2640 van Dr F. EYRICH.
305 2633 1768 2705 De Militaire-Concerten hebben dagelijks plaats van 3 1/2 tot 5 1|2 uren ’s namid-
467 2697 1774 2773 dags en, daarenboven, ’s Dinsdags om 8 uren’s avonds; de Symfonische
464 2753 1490 2810 Concerten op Donderdag en Zondag te 8 uren ’s avonds.
296 2832 1777 2915 N-B.— Niet ingenomen plaatsen mogen onder geen voorwendsel voorbehouden
464 2883 624 2955 worden.
1010 2904 1689 2990 Drukk. F. Janssens-Anthonis. — Antwerpen.
