2056 3270
452 318 1487 467 Société Royale de Zoologie d’Anvers
233 481 1686 602 ....................................¡.
404 587 1522 687 Dimanche 26 Juin 1904, à 8 heures du soir
246 733 1731 913 Concert de Symphonie
315 911 1618 1020 PAR L'ORCHESTRE DE LA SOCIÉTÉ
383 1014 1537 1105 sous la direction de M. accavo KEURVELS
903 1081 1024 1201 xx
709 1190 1205 1335 programme
861 1342 1090 1433 1re PARTIE
1311 1431 1648 1525 AD. GAUWIN
231 1414 694 1520 I. joyeux fêtards
1320 1512 1707 1599 FR. VON SUPPÉ
231 1505 1146 1605 2. Die Irfahrt um ’s Glück (ouverture)
237 1583 1107 1672 3. Le Philtre (transcription par C. Hanssens)
1320 1581 1666 1666 FR. A. AUBER
1311 1668 1668 1757 JOH STRAUSS
231 1670 790 1773 4. Lava-Ströme (valse)
855 1753 1098 1836 2me PARTIE
1322 1844 1714 1929 G. MEYERBEER
231 1851 1018 1944 5. L'Etoile du Nord (ouverture)
1325 1927 1694 2010 PETER BENOIT
237 1923 768 2018 6. Saluthumoristique
241 2018 1416 2101 7. De Gluck à Wagner (fragments symphoniques)
400 2068 913 2127 GLUK : Armide (ouverture
398 2112 1031 2162 HAYDN : 1e Symphonie (andante)
398 2146 1085 2201 MoZART : Don Juan (finale; menuet)
398 2190 1053 2242 baerhovn : 5e Symphonie (sinale)
405 2210 1198 2279 WEBER : Freischütz (ouverture ; cavatine
398 2262 1026 2329 MENDELSSOHN : Marche nuptiale
398 2305 794 2355 SCHUBERT : Sérénade
404 2336 940 2414 WAGNER : Rienzi (ouverture)
241 2396 1287 2479 8. Scènes na politaines (suite d'orchestre).
1307 2388 1638 2477 J. MASSENET
355 2462 1487 2557 A) La Danse ; B) La Procession et l’Improvisateur; c) La Fête.
233 2577 1712 2673 Les Concerts-Militaires ont lieu tous les jours de 3 1/2 à 5 1/ 2 hs. de l’après-midi,
402 2670 1701 2727 et, en outre, les Mardis à 8 hs. du soir ; les Concerts de Symphonie, les
398 2710 1072 2779 Jeudis et Dimanches à 8 hs. du soir.
237 2799 1624 2873 N.-B. — On ne pourra retenir sous aucun prétexte des places non occupées.
