2056 3270
482 31 1526 159 Société Royale de Zoologie d’Anvers
265 161 1728 276 ....................................,.,,.
506 268 1507 387 Jeudi 30 Juin 1904, à 8 heures du soir
279 374 1725 591 Concert de Symphonie
356 602 1641 717 PAR L'ORCHESTRE DE LA SOCIÉTÉ
429 712 1559 799 sous la direction de M. accavo KEURVELS
938 792 1060 905 R
746 891 1241 1029 programme
889 1027 1130 1121 1re PARTIE
1278 1102 1732 1195 ALEX. STADFFELD
265 1110 794 1206 I. Hamlet (ouverture)
1267 1177 1564 1281 AUG. ENA
261 1197 597 1285 2. Romanza.
1268 1257 1526 1352 FR. LiszT.
266 1261 967 1354 3. Rapsodie hongroise (n° 6)
1265 1336 1611 1424 LÉO DELIBES
268 1336 976 1438 4. Kassya (ballet de l’opéra).
385 1398 1380 1511 A) Obertas ; B) Danse ruthène ; c) Sumka ; b) Trépak.
885 1476 1132 1579 2me PARTIE
1276 1544 1650 1644 PETER BENOIT
266 1544 1068 1653 5. Charlotte Corday (ouverture)
1278 1632 1615 1723 FR. SMETANA
270 1637 715 1730 6. Vysehrad.
383 1681 1495 1798 (1er Poème symphonique du cycle « Ma Patrie »
316 1779 1728 1838 A l’aspect de la célèbre forteresse Vysehrad, le Poète entend chanter en
274 1832 1737 1878 sa mémoire les odes que humir, l'Orphee du peuple tchèque, composa en un
283 1865 1726 1924 passé lointain. A ses yeux, Vysehrad se dresse dans toute sa splendeur d'autan
274 1907 1728 1964 avec :es sanctuaires drapés d’or, ses bourgs altiers ou éclatait la pompe des
285 1944 642 2006 princes et des rois.
321 1978 1737 2033 Au son joyeux des cymbales et des trompettes, les chevaliers valeureux
274 2022 1737 2070 s’assemblent sur les esplanades et s’apprêtent au tournoi. Les combattants se
279 2057 1734 2115 rangent, revêtus de leurs armures, étincelant au soleil, et Vysehrad, qu’emplit
276 2106 1653 2161 la rumeur bruyante des chevaliers, résonne de cris et de chants d'alléresse.
321 2122 1734 2188 Plongé dans sa méditation sur la gloire passée du vénérable bourg royal, le
283 2170 1741 2230 poète s’en rappelle aussi la déchéance. Les passion déchaînées et les luttes
283 2216 1728 2267 acharnées ont abattu sous leurs rafales les tourelles altières, dévaste les sanc
279 2259 1732 2314 tuaires glorieux et les majesteuses halles princières. Les hymmes et les
279 2292 1460 2338 chants d'allégresse ont fait place à de sauvages scènes de guerre
327 2329 1734 2376 L’auragan, lassé, s’est apaisé: Vysehrad n‘est plus qu’une ruine morne,
283 2367 1737 2424 abandonnée, attestant la gloire du passé; seuls y pleurent encore, vagues et en
285 2407 1737 2466 un écho douloureux, les hymnes, depuis longtemps éteints, de humir, le roi des
283 2449 500 2508 chanteurs.
1285 2487 1741 2568 C. M. VONWEBER
283 2493 929 2601 7. L'invitation à la Danse.
1285 2562 1672 2674 RICH. WAGNER
283 2573 803 2681 8. Huldigungsmarsch
279 2734 1737 2790 Les Concerts-Militaires ont lieu tous les jours de 31/2 à 5 1/2 hs. de l’après-midi,
443 2774 1737 2823 et, en outre, les Mardis à 8 hs. du soir; les Concerts de Symphonie, les
434 2812 1108 2894 Jeudis et Dimanches à 8 hs. du soir.
276 2889 1657 2962 N.-B. — On ne pourra retenir sous aucun prétexte des places non occupées.
756 2964 918 3039 du Monde de
