2056 3270
445 0 1577 133 Koninklijke Maatschappij van Dierkunde
774 110 1239 226 VAN ANTWERPEN
283 206 1728 288 ...................................¬
443 296 1591 376 Donderdag 30 Juni 1904, te 8 uren ’s avonds
292 369 1141 582 Symfonisch
1168 449 1728 579 Concert
308 597 1725 681 DOOR HET ORKEST DER MAATSCHAPPIJ
458 664 1582 772 onder de leiding van M. EDWERD REURVELS
958 754 1069 860 ZC.
770 852 1252 984 programma
942 978 1119 1071 1e DEEL
288 1060 872 1150 I. Hamlet (openingstuk)
1287 1049 1750 1148 ALEX. STADFFELD
294 1139 624 1215 2. Romanza.
1292 1137 1586 1217 AUG. ENA
294 1192 1077 1290 3. Hongaarsche rhapsodie (nr 6)
1296 1201 1553 1290 FR. LiszT
290 1268 1132 1356 4. Kassya (danstooneelen uit het zangspel)
1292 1268 1628 1360 LÉO DELIBES
416 1345 1449 1429 A) Obertas; B) Ruthenische dans ; c) Sumka; b) Trepak.
942 1422 1108 1498 2° DEEL
290 1495 1122 1586 5. Charlotte Corday (openingstuk)
1299 1484 1666 1582 PETER BENOIT
290 1571 628 1659 6. Vysehrad.
1309 1570 1644 1650 FR. SMETANA
402 1633 1690 1701 (Iste symfonisch gedicht uit den cyclus «Mijn Vaderland»
336 1690 1757 1752 Bij den aanblik der roemvolle vesting Vyschrad wordt de Dichter herinnerd
299 1734 1752 1787 aan Lumir’s Varytozangen uit het verre verleden. Voor zijne oogen verheft zich
307 1781 1743 1832 Vysehrad in al haren gewezen glans, bekroond met de goudgesmukte heilig
299 1820 1741 1893 dommen en de trotsche, van krijgsroem vervulde burchten der Premysliden
307 1860 688 1913 vorsten en koningen.
341 1893 1754 1953 Op de voorhovon en pleinen stroomt de dappere ridderschap, onder het
303 1933 1756 1978 opwekkend geluid van cimhalen en trompetten, te zamen voor ’t feestelijk
297 1976 1759 2020 steekspel. Ompantserd met hunne rijke wapenrustingen, schitterend in den
297 2018 1752 2066 zonneglans, rangschikken zich daar de krijgersscharen ten zegenrijken kamp.
303 2051 1756 2099 Vysehrad dreunt van heerlijke lofzangen en van het gejuich en gejubel der
297 2082 776 2164 strijdlustige ridderschap.
350 2126 1756 2183 Verdiept in de beschouwing van den alouden roem der koninklijke vesting.
299 2166 1759 2221 herdenkt de Dichter tevens haren ondergang. De ontketende hartstochten halen
297 2212 1752 2263 in eenen verbitterden kamp de hooge torens neder, verwoesten de glorievolle
299 2248 1759 2300 heiligdommen en trotsche vorstenhallen. De verhevene gezangen en de jubel¬
297 2285 1376 2360 kreten hebben plaats gemaakt voor wilde krijgstooneelen.
339 2323 1761 2371 Os schrikkelijke storm heeft uitgewoed : Vysehrad is een stom verlaten
296 2358 1761 2420 gedenksteen geworden van verleden beerlijkheid ; uit zijne puinen weerklinkt
307 2404 1761 2477 treurig nog de nagalm der sedert lang verstompde hymnen van den zangersvorst
290 2446 453 2517 Lumir.
294 2471 1018 2573 7. Uitnoodiging tot den dans.
1310 2466 1761 2566 C. M. VONWEBER
299 2553 829 2639 8. Huldigungsmarsch
1310 2550 1692 2637 RICH. WAGNER
299 2668 1752 2776 De Militaire-Concerten hebben dagelijks plaats van 3 1/2 tot 51/2 uren’s namid-
464 2741 1759 2792 dags en, daarenboven. ’s Dinsdags om 8 uren’s avonds; de Symfonische
462 2787 1486 2842 Concerten op Donderdag en Zondag te 8 uren ’s avonds.
297 2862 1761 2936 N-B.— Niet ingenomen plaatsen mogen onder geen voorwendsel voorbehouden
458 2900 619 2971 worden.
1009 2916 1677 3000 Drukk. F. Janssens-Anthonis. — Antwerpen.
