2056 3270
508 352 1554 505 Société Royale de Zoologie d'Anvers
297 536 1746 659 ̃ ̃ —  ==================  =================
454 657 1586 777 Dimanche 3 Juillet 1904, à 8 heures du soir
308 787 1799 991 Concert de Symphonie
1529 998 1651 1048 T
382 983 1670 1080 PAR L'ORCHESTRE DE LA SOCIETE
449 1096 1586 1183 sous la direction de M. ED kanD REURVELS
968 1176 1072 1289 xx
762 1274 1254 1428 programme
916 1421 1143 1525 1re PARTIE
291 1512 709 1599 I. Feestmarsch
1269 1512 1662 1608 JOS. COMMPAENS
282 1580 1208 1692 2. Les joyeuses commères de Windsor
1269 1597 1651 1686 OTTO Nicolaï
480 1657 755 1759 (ouverture)
286 1738 618 1825 3. A) Exlase
1267 1729 1538 1823 L. GANNE
343 1814 1107 1909 B) Danse dans le style hongrois
1269 1812 1755 1909 ARM. TIMMERMANS
286 1892 1113 1990 4. Le Tribut de Zimmera (sélection)
1274 1894 1610 1979 CH. GOUNOD
894 1989 1148 2078 2me PARTIE
282 2066 851 2163 5. Marche inaugurale
1267 2079 1681 2176 AUG DE BOECK
291 2154 857 2245 6. Princesse d’Auberge
1265 2168 1590 2265 JAN BlOCXX
482 2219 1057 2313 (introduction du 2e acte)
288 2293 851 2391 7. India (transcription)
1265 2306 1701 2387 FR. VON FLOT àW
404 2378 1642 2447 Soli-tes : MM. Edm. De Herdt (vio’on) et Jos. ('ootmans (clarinette).
286 2434 920 2538 8. Tannhäuser-Ouvertüre.
1274 2439 1664 2554 RICH. WAGNER
291 2632 1755 2706 Les Concerts-Militaires ont lieu tous les jours de 3 1/2 à 5 1/ 2 hs. de l'après-midi,
441 2690 1749 2740 et, en outre, les Mardis à 8 hs. du soir; les Concerts de Symphonie, les
440 2731 1119 2797 Jeudis et Dimanches à 8 hs. du soir.
291 2827 1668 2894 N.-B. — On ne pourra retenir sous aucun prétexte des places non occupées.
