2056 3270
481 321 1516 475 Société Royale de Zoologie d'Anvers
264 509 1721 650 ̃ ̃ t * * * k * * „ „ * * _ * *
481 612 1501 733 Jeudi 7 Juillet 1904, à 8 heures du soir
190 743 1718 971 • Concert de Symphonie
344 977 1632 1062 PAR L'ORCHESTRE DE LA SOCIÉTÉ
418 1072 1566 1186 sous la direction de M. accavo KEURVELS
935 1150 1051 1269 xx
745 1267 1229 1414 programme
880 1410 1110 1493 1re PARTIÉ
260 1488 840 1602 I. Ouverture de concert
1218 1486 1550 1596 FR. J. FÉTIS
258 1575 821 1676 2. Sérénade d’Arlequin
1216 1573 1548 1674 L. VAN DAM
258 1653 1132 1761 3. Au royaume des fées (scènes de ballet)
1227 1662 1558 1750 F. H. Cowen
255 1733 1155 1843 4. Fantaisie sur des motifs canadiens
1222 1737 1558 1845 PAUL GILSON
870 1835 1119 1919 2me PARTIE
260 1919 952 2018 5. Leonore-Ouvertüre (n° 3).
1222 1908 1708 2012 L. VAN BEETHOVEN
255 1997 863 2096 6. A) Promenade solitaire
1220 2001 1678 2107 STEPHEN HELLER
323 2075 806 2168 B) Valse de concert.
1220 2071 1526 2168 IGN. BRÜLL
256 2141 1693 2244 7. Le rouet d'Omphale (poème symphonique). CAM. SAINT-SAENS
327 2221 1708 2276 Le sujet de ce poème symphonique est la séduction féminine, la lutte triom-
260 2261 1721 2314 phante de la faiblesse contre la force. Le RouET n'est qu'un prétexte, choisi
258 2312 1708 2358 seulement au point de vue du rythme et de l’allure générale du morceau. Au
260 2346 1712 2434 cours de l’œuvre, on voit Hercule gémissant dans des liens qu’il ne peut briser,
258 2381 1043 2455 Omphale raillant les vains efforts du héros.
258 2436 676 2531 8. Kaisermarsch
1216 2438 1604 2523 RICH. WAGNER
253 2582 1708 2696 Les Concerts-Militaires ont lieu tous les jours de 3 1/2 à 51/2 hs. de l’après-midi,
403 2690 1708 2772 et, en outre, les Mardis à 8 lis. du soir; les Concerts de Symphonie, les
407 2717 1075 2778 Jeudis et Dimanches à 8 hs. du soir.
251 2812 1626 2903 N.-B. — On ne pourra retenir sous aucun prétexte des places non occupées.
