2056 3270
472 337 1612 455 Koninklijke Maatschappij van Dierkunde
789 442 1263 541 VAN ANTWERPEN
317 516 1764 644 ( wenn R. M.. M. M. O.C. R.T.T.-
491 616 1594 735 Donderdag 7 Juli 1904, te 8 uren ’s avonds
1805 768 1933 896 0
311 724 1799 907 Symfonisch Concert
344 957 1755 1046 DOOR HET ORKEST DER MAATSCHAPPIJ
485 1042 1618 1163 onder de leiding van M. EDMARD REURVELS
990 1114 1105 1250 xx
813 1248 1274 1377 programma
977 1374 1144 1479 Ie DEEL
320 1444 861 1542 I. Concert-Ouverture.
1281 1433 1601 1557 FR. J. FÉTIS
1296 1540 1612 1607 L. VAN DAM
318 1533 927 1618 2. Serenade van Arlekijn
320 1598 1189 1712 3. In het tooverland (danstooneelen)
1296 1614 1627 1712 F. H. Cowen
315 1685 1129 1798 4. Fantazie op Canada wijzen
1290 1692 1631 1783 PAUL GILSON
974 1777 1144 1851 2e DEEL
1296 1849 1777 1935 L. VAN BEETHOVEN
324 1836 992 1936 5. Leonore-Ouvertüre (nr 3)
1292 1916 1744 2014 STEPHEN HELLER
320 1923 944 2023 6. A) Eenzame wandeling
1298 2007 1598 2092 IGN. BRÜLL
392 2001 781 2096 B) Concertwals
335 2090 1755 2172 7. De spinnende Omphale (symfonisch gedicht) CAM. SAINT-SAENS
409 2153 1779 2203 Het onderwerp van dit symfonisch gedicht is de VROUWELLKE VERLEIDING
328 2190 1785 2249 de zegevierende strijd van de zwakheid tegen de kracht. Het SPINN WIEL is slechts
328 2240 1779 2281 een voorwendsel onder het opzicht van den rythmus en den algemeenen bouw
330 2279 1785 2327 van het werk. Verders verbeelde men zich lercules zuchtend in banden welke
328 2310 1794 2394 htj te vergeefs tracht te verbreken, en Omphale spottend om de vruchtelooze
330 2351 768 2423 pogingen van den held.
1300 2392 1677 2503 RICH. WAGNER
333 2407 742 2492 8. Kaisermarsch
320 2570 1783 2651 De Militaire-Concerten hebben dagelijks plaats van 3 1/2 tot 51/2 uren ’s namid-
491 2642 1796 2729 dags en, daarenboven.'s Dinsdags om 8 uren ’s avonds ; de Symfonische
491 2701 1511 2757 Concerten op Donderdag en Zondag te 8 uren ’s avonds.
328 2784 1796 2864 N-B.— Niet ingenomen plaatsen mogen onder geen voorwendsel voorbehouden
489 2831 637 2908 worden
1035 2856 1707 2958 Drukk. F. Janssens-Anthonis — Antwerpen.
