2056 3270
518 299 1558 394 Société Royale de Zoologie d'Anvers
306 447 1761 563 ...................................., ̃
454 552 1613 657 Dimanche 10 Juillet 1904, à 8 heures du soir
152 736 248 875 O
267 712 1776 911 Concert de Symphonie
398 897 1678 1033 PAR L'ORCHESTRE DE LA SOCIÉTÉ
467 999 1611 1106 sous la direction de M. EDMARD REURVEUS
976 1108 1096 1224 etc.
798 1234 1277 1380 programme
929 1376 1170 1455 1re PARTIE
1395 1455 1731 1562 H VAELPUT
306 1483 783 1568 I. Marche héroïque
1404 1555 1731 1641 G. MICHIELS
302 1556 785 1648 2. Magyar-Czardas
1402 1632 1725 1712 CH. GOUNOD
308 1635 775 1731 3. Faust (sélection)
1391 1710 1774 1787 FR. VON SUPPÉ
299 1716 798 1823 4. Leichte Cavalerie
819 1718 1085 1797 (ouverture)
914 1814 1164 1885 2me PARTIE
1401 1908 1780 1994 G. MEYERBEER
297 1904 854 2011 5. Dinorah (ouverture)
302 2000 657 2078 6. Mazurka
1410 1986 1780 2086 PETER BENOIT
308 2078 785 2155 7. Scènes de féerie.
1391 2073 1737 2178 J. MASSENET
422 2122 1391 2232 A) Cortège ; B) Ballet ; c) Apparition : b) Bacchanale.
1401 2197 1662 2319 FR. LiszT
297 2208 973 2306 8. Rapsodie hongroise (n° 2)
308 2394 1782 2465 Mardi 19 crt, à 3 1/2 hs., de l’après-midi : Concert extraordinaire par la
473 2454 1113 2540 Franfare des Tramways Bruxellois.
302 2516 1774 2606 Les Concerts-Militaires ont lieu tous les jours de 3 1/2 à 51/2 hs. d-» l'après-midi,
464 2602 1776 2674 et, en outre, les Mardis à 8 hs. du soir; les Concerts de Symphonie, les
464 2636 1140 2705 Jeudis et Dimanches à 8 hs. du soir.
312 2728 1686 2814 N.-B. — On ne pourra retenir sous aucun prétexte des places non occupées.
