2056 3270
485 338 1520 465 Société Royale de Zoologie d'Anvers
263 497 1734 589 ̃ ̃ t * t * * * k * * r * * a + * * • * *
474 605 1525 721 Jeudi 14 Juillet 1904, à 8 heures du soir
280 753 1732 944 Concert de Symphonie
353 938 1642 1039 PAR L'ORCHESTRE DE LA SOCIÉTÉ
433 1046 1565 1161 sous la direction de M. EDMARD REURVELS
940 1147 1046 1271 xx
746 1273 1233 1410 programme
894 1417 1119 1527 1re PARTIE
1278 1505 1580 1600 G. RossINI
263 1500 1048 1611 I. Nabuchodonosor (ouverture)
267 1591 1042 1682 2. Henry VIII (ballet de l'opéra).
1273 1598 1692 1686 C. SAINT-SAENS
380 1668 1070 1735 A) Introduction. — Entrée des Claus :
382 1730 1463 1812 B) Idylle écossaise ; c) Danse de la Gipsy; b) Gigue et finale.
267 1776 539 1862 3. Ballade
1278 1778 1633 1867 ED. LAUBERT
271 1856 869 1955 4. Rapsodie dahoméenne
1284 1863 1690 1968 AUG. DE BOECK
874 1959 1123 2041 2me PARTIE
267 2045 653 2130 5. Festmarsch
1275 2043 1586 2136 ED. LASSEN
272 2118 1114 2220 6. Sakuntala (ouverture du drame lyrique).
1280 2127 1704 2216 ysi. GOLDMARK
267 2200 788 2288 7. Andante cantabile
1275 2200 1726 2290 P. TsCHAïK0WSY.
262 2286 794 2399 8. Carnaval in Paris.
1273 2275 1668 2381 JOH. SVENDSEN
271 2452 1732 2555 Mardi 19 crt., à 3 1/2 hs., de l’après-midi : Concert extraordinaire par la
424 2518 1063 2608 Franfare des Tramways Bruxellois.
272 2575 1726 2659 Les Concerts-Militaires ont lieu tous les jours de 3 1/2 à 51/2 hs. de l’après-midi,
428 2648 1728 2730 et, en outre, les Mardis à 8 hs. du soir ; les Concerts de Symphonie, les
422 2690 1097 2763 Jeudis et Dimanches à 8 hs. du soir.
263 2782 1639 2882 N.-B. — On ne pourra retenir sous aucun prétexte des places non occupées.
