2056 3270
443 280 1578 387 Koninklijke Maatschappij van Dierkunde
768 376 1228 482 VAN ANTWERPEN
280 458 1728 579 ( wenn von sekäkkkkeväkkeit) oli nykystäänsti-
443 574 1580 663 Donderdag 14 Juli 1904, te 8 uren ’s avonds
273 709 1745 909 Symtonisch Concert
304 902 1715 1012 DOOR HET ORKEST DER MAATSCHAPPIJ
436 991 1585 1118 onder de leiding van M. EDMARD REURVELS
949 1101 1072 1215 xx
757 1220 1239 1352 programma
927 1371 1105 1448 1e DEEL
277 1444 1072 1547 I. Nabuchodonosor (opingstuk)
1296 1440 1578 1534 G. RossINI
277 1523 1195 1624 2. Henry VIII (danstooneelen uit het zangspel)
1294 1523 1686 1618 C. SAINT-SAENS
401 1594 1120 1671 A) Inleiding. — Intocht der Stammen,
396 1638 1495 1745 B) Schotsehe idylle; c) Dans der Zigeunerin ; c) Gigue en Slot.
277 1712 550 1800 3. Ballade
1286 1710 1642 1803 ED. LAUBERT
273 1787 997 1900 4. Dahomeaansche rhapsodie.
1279 1779 1701 1900 AUG. DE BOECK
924 1887 1098 1966 2e DEEL
1290 1975 1600 2065 ED. LASSEN
273 1972 684 2069 5. Festmarsch
273 2043 1255 2135 6. Sakuntala (openingstuk voor het lyrisch drama)
1301 2056 1713 2150 CARL GOLDMARK
1294 2137 1739 2221 P. TsCHAÖK0WSY
279 2131 803 2225 7. Andante cantabile.
271 2212 803 2305 S. Carnaval in Paris
1285 2203 1677 2322 JOH. SVENDSEN
273 2371 1745 2501 Dinsdag 19 dez., te 31/2 uren’s namiddags : Buitengewoon concert door de
434 2457 1107 2531 Franfare der Brusselsche Tramway's.
277 2538 1734 2598 De Militaire-Concerten hebben dagelijks plaats van 3 1/2 tot 51/2 uren ’s namid
436 2591 1746 2652 dags en, daarenboven. ”s Dinsdags om 8 uren ’s avonds ; de Symfonische
434 2652 1468 2699 Concerten op Donderdag en Zondag te 8 uren ’s avonds.
273 2723 1734 2796 N-B.— Niet ingenomen plaatsen mogen onder geen voorwendsel voorbehou der
434 2778 594 2848 worden.
977 2811 1647 2912 Drukk. F. Janssens-Anthonis — Antwerpen
