2056 3270
446 321 1493 444 Société Royale de Zoologie d'Anvers
237 481 1699 584 ....................................,  =================
384 595 1550 701 Dimanche 17 Juillet 1904, à 8 heures du soir
264 733 1710 927 Concert de Symphonie
327 927 1612 1023 PAR L'ORCHESTRE DE LA SOCIÉTÉ
398 1041 1544 1146 sous la direction de M. EDWERD REURVEIS
905 1129 1026 1249 etc.
720 1245 1210 1405 programme
863 1397 1098 1484 1re PARTIE
1247 1487 1699 1598 F. MENDELSSOHN
233 1493 714 1590 I. Marche nuptiale
1252 1581 1563 1660 L. VASSEUR
231 1583 1129 1673 2. Le mariage au tambour (fantaisie)
237 1653 869 1741 3. Le dieu et la bayadère
1252 1653 1546 1754 FR. AUBER
432 1724 1096 1827 (sélection par K. Hanssens)
231 1803 1138 1915 4. Czar und Zimmermann (ouverture)
1252 1796 1590 1888 A. LORTZING
845 1901 1098 1994 2me PARTIE
237 2000 762 2091 5. Hamlet (ouverture)
1252 1981 1713 2086 ALEX. STADIFELD
237 2068 960 2161 6. Séduction (scènes de ballet :
1254 2088 1638 2178 G. MEYERBEER
351 2141 1346 2229 A) Légèreté; B) Jeu ; c) livresse ; n) Amour; E) Finale.
241 2216 819 2299 7. Lohengrin (prélude)
1245 2209 1636 2301 RICH. WAGNER
233 2290 957 2387 8. Le beau Danube bleu (valse)
1239 2295 1592 2394 JOH. STRAUSS
233 2435 1710 2558 Mardi 19 ert., à 3 1/2 hs., de l’après-midi : Concert extraordinaire par la
395 2519 1028 2595 Franfare des Tramways Bruxellois.
231 2585 1702 2657 Les Concerts-Militaires ont lieu tous les jours de 3 1/2 à 5 1/ 2 hs. de l’après-midi,
391 2655 1695 2716 et, en outre, les Mardis à 8 hs. du soir ; les Concerts de Symphonie, les
395 2690 1060 2758 Jeudis et Dimanches à 8 hs. du soir.
237 2784 1609 2854 N.-B. — On ne pourra retenir sous aucun prétexte des places non occupées.
