2056 3270
467 328 1603 438 Koninklijke Maatschappij van Dierkunde
791 440 1264 517 VAN ANTWERPEN
315 506 1766 624 ̃ ̃ * * * r * * „ * * _ * *
512 613 1570 701 Zondag 17 Juli 1904, te 8 uren ’s avonds
324 721 1761 920 Symfonisch Concert
342 940 1757 1084 DOOR HET ORKEST DER MAÄTSCHAPPIJ
478 1069 1617 1165 onder de leiding van M. EDMARD REURVELS
1001 1139 1104 1251 xx
795 1273 1277 1398 programma
977 1409 1146 1512 1e DEEL
1334 1485 1770 1581 F. MENDELSSOHN
320 1503 800 1588 I. Bruiloftsmarsch
1334 1575 1638 1658 L VASSEUR
318 1571 1301 1671 2. Het huwelijk bij trommelslag (fantazie)
320 1665 942 1742 3. Le dieu et la bayadère
1334 1658 1627 1755 Fä. AUBER
521 1728 1277 1809 (bloemlezing door K. Hanssens)
1341 1792 1674 1892 A. LORTZING
324 1798 1273 1888 4. Czar und Zimmermann (opingstuk)
972 1884 1150 1960 2° DEEL
1341 1972 1792 2070 ALEX. STADTFELD
320 1987 911 2079 5. Hamlet (opingstuk)
1340 2061 1728 2138 G. MEYERBEER
328 2066 1049 2153 6 Verleiding (danstooneelen).
445 2136 1641 2219 A) Lichtzinnigheid; B) Spel; c) Dronkenschap; b) Liefde ; E) Slot.
1341 2188 1722 2278 RICH. WAGNER
329 2204 913 2287 7. Lohengrin (voorspel)
1341 2278 1695 2363 JOH. STRAUSS
333 2278 1117 2370 S. Der schöne blaue Donau (wals)
328 2418 1800 2537 Dinsdag 19 dez., te 3 1/2 uren ’s namiddags : Buitengewoon concert door de
491 2515 1154 2583 Franfare der Brusselsche Tramway's
328 2570 1794 2657 De Militaire-Concerten hebben dagelijks plaats van 3 1/2 tot 5 1|2 uren ’s namid¬
486 2628 1801 2694 dags en, daarenboven. ’s Dinsdags om 8 uren’s avonds: de Symfonische
493 2692 1524 2756 Concerten op Donderdag en Zondag te 8 uren ’s avonds.
329 2773 1809 2843 N-B.— Niet ingenomen plaatsen mogen onder geen voorwendsel voorbehouden
495 2834 648 2905 worden.
1045 2852 1717 2946 Drukk. F. Janssens-Anthonis — Antwerpen.
