2056 3270
453 162 1489 281 Société Royale de Zoologie d'Anvers
237 321 1699 409 ...................................., ̃
608 403 1323 482 Jeudi 21 Juillet 1904, à 8 hs du soir,
361 460 1568 569 A L’OCCASION DE LA FÉTE NATIONALE
254 558 1701 801 Concert de Symphonie
328 792 1606 883 PAR L'ORCHESTRE DE LA SOCIÉTÉ
396 889 1537 975 sous la direction de M. EDMARD REURVELS
907 971 1027 1093 xx
715 1075 1208 1206 programme
854 1208 1086 1312 1re PARTIE
230 1281 714 1367 I. Marche nuptiale
1055 1281 1389 1374 EUG HUTοY
230 1349 814 1431 2. Ouverture de concert
1048 1360 1701 1453 H. BALTHASAR-FLORANCE
230 1416 752 1504 3. 1re Partie (Allegro)
420 1480 1009 1564 de la Symphonie en Fa
1053 1482 1354 1564 PH. RÜTER
232 1548 595 1628 4. A) Sérénade
1055 1562 1504 1639 ALPH. NEUFCOUR
290 1617 763 1679 B) Adagio et Valse.
1060 1621 1471 1712 THÉO CHARLiER
440 1661 1110 1739 (du ballet La Fête des Fleurs)
349 1703 953 1781 Violon-solo: M. Edm. De Herdt.
838 1781 1086 1869 2me PARTIE
407 1865 1507 1967 L’Hymne National Belge (Brabançonne)
224 1960 856 2046 5. Agneessens (ouverture)
1051 1964 1398 2046 H. VAELPUT
228 2011 515 2101 6. Flamma
1049 2031 1460 2112 AUG. DE BOECK
420 2064 1268 2148 (suite d'orchestre extraite du ballet)
345 2130 1104 2190 A) Prélude ; ni Valse ; c) Presto-Adagio;
341 2161 987 2228 D) Danses de Flamma ; E) Cortège.
234 2217 827 2294 7. A) Nuit de Printemps.
1053 2221 1692 2310 FRANK VAN DER STUKKEN
294 2278 575 2358 B) Parisina
1049 2281 1553 2351 ED daRD REURVLS
433 2332 1537 2414 (introduction pour le 2e acte du drame lyrique de Frans Gittens)
325 2369 1183 2464 Rêve d’amour sur le lac de Lugano.
224 2447 666 2524 8. Fête populaire
1055 2455 1431 2528 PETER BENOIT
327 2502 1650 2597 (fragments du drame lyrique « La Pacification de Gand »
343 2571 1694 2652 Cortège des Nobles, des Gildes, des Chambres de Rhétorique avec leurs
425 2613 1111 2686 „ pijpers » et fous. — Joie populaire.
551 2697 1363 2789 Illumination de la Plaine de Concert.
224 2820 1690 2898 Les Concerts-Militaires ont lieu tous les jours de 3 1/2 à 51/2 hs. de l’après-midi,
385 2874 1686 2931 et, en outre, les Mardis à 8 hs. du soir ; les Concerts de Symphonie, les
378 2915 1048 2958 Jeudis et Dimanches à 8 hs. du soir
232 2971 1604 3053 N.-B. — On ne pourra retenir sous aucun prétexte des places non occupées.
