2056 3270
436 140 1576 260 Koninklijke Maatschappij van Dierkunde
756 251 1236 347 VAN ANTWERPEN
275 316 1744 416 ̃ ̃ r * * M * * * ^ * * r *
591 419 1430 506 Donderdag 21 Juli 1904, te 8 uren ’s avonds
331 488 1707 580 TER GELEGENHEID VAN DEN NATIONALEN TEESTDAG
1208 634 1681 778 Concer
279 576 1138 793 Symfonisch
309 800 1726 898 DOOR HET ORKEST DER MAATSCHAPPIJ
454 900 1591 992 onder de leiding van M. ED kan Deurvels
968 987 1073 1084 FJ
765 1070 1256 1208 programma
946 1203 1112 1290 1e DEEL
1120 1271 1460 1358 EUG. HUTOY
297 1284 767 1367 1. Bruiloftsmarsch
1123 1341 1768 1436 H. BALTHASAR-FLORANCE
285 1356 848 1430 2. Concert openingstuk
294 1421 793 1506 3. 1ste Deel (Allegro)
1123 1467 1411 1563 PH. RÜFER
488 1484 979 1563 uit de Symfonie in F
1123 1535 1570 1620 ALPH. NEUECOUR
297 1526 661 1644 4. A) Serepade
1133 1600 1546 1681 THÉO CHARLiER
368 1611 830 1698 B) Adagio en Wals.
512 1642 1315 1738 (uit het dansspel Het Bloemenfeest)
421 1698 985 1794 Viool-solo : H. Edm. De Herdt.
950 1779 1120 1868 2e DEEL
445 1848 1624 1934 Het Belgisch Nationaal Lied (Brabançonne)
1133 1947 1474 2029 H. VAELPUT
297 1957 985 2047 5. Agneessens (opingstuk)
1138 2008 1543 2104 AUG. DE BOECK
373 2027 589 2106 Flamma
506 2067 1188 2139 (orkestsuite uit het dansspel)
434 2132 1201 2195 A) Voorspel ; B) Wals ; c) Presto-Adagio;
421 2167 1057 2228 D) Dansen van Flamma ; E) Stoet
1147 2204 1779 2291 FRANK VAN DER STUKKEN
318 2215 728 2308 7. A) Lentenacht
1138 2267 1641 2343 ED daRb keurvels
377 2280 672 2361 B) Parisina
506 2309 1591 2407 (inleiding tot het 2e bedrijf van Frans Gittens' lyrisch drama)
401 2372 1221 2459 Liefdedroom op het Luganomeer.
1218 2426 1520 2505 ETER BENOIT
303 2441 647 2518 8. Volksfeest
512 2485 1676 2574 (uit het lyrisch drama « De Pacificatie van Gent »
429 2561 1794 2620 Optocht der Edelen, Gilden, Kamers van Rhetorika met hunne pijpers en
506 2609 994 2675 narren. — Volksvreugde.
685 2683 1415 2764 Verlichting van het Concertplein.
312 2780 1788 2849 De Militaire-Concerten hebben dagelijks plaats van 3 1/2 tot 51/2 uren ’s namid¬
479 2841 1792 2895 dags en, daarenboven. ’s Dinsdags om 8 uren’s avonds ; de Symfonische
469 2886 1508 2932 Concerten op Donderdag en Zondag te 8 uren ’s avonds.
312 2949 1796 3017 N-B.— Niet ingenomen plaatsen mogen onder geen voorwendsel voorbehouden
473 2997 628 3072 worden
1027 3008 1705 3091 Drukk. F. Janssens-Anthonis. — Antwerpen.
