2056 3270
486 299 1528 432 Société Royale de Zoologie d'Anvers
269 465 1743 561 ̃ ̃ 1  ==================̃̃
429 590 1591 678 Dimanche 24 Juillet 1904, à 8 heures du soir
293 717 1748 924 Concert de Symphonie
368 925 1649 1015 PAR L’ORCHESTRE DE LA SOCIÉTÉ
443 1019 1583 1143 sous la direction de M. EDWERD REURVELS
957 1121 1068 1239 xx
771 1242 1252 1382 programme
905 1384 1136 1482 1re PARTIE
282 1488 931 1592 I. Pique Dame (ouverture).
1281 1493 1677 1600 FR. VON SUPPÉ
277 1585 1147 1679 2. Czar und Zimmermann (sélection)
1281 1587 1627 1677 A. LORTZING
279 1684 1263 1765 3. La Corte de Granada (fantaisie mauresque).
1286 1669 1596 1748 RUP. CHAPI
279 1757 720 1856 4. Rubensmarsch
1296 1759 1671 1867 PETER BENOIT
894 1854 1149 1933 2me PARTIE
280 1972 1070 2060 5. Benvenuto Cellini (ouverture).
1286 1952 1734 2047 HECTOR BERLIOZ
286 2043 1257 2133 6. Les Maîtres Chanteurs de Nürnberg.
1294 2051 1677 2133 RICH. WAGNER
486 2117 1151 2221 (transcription de J. Dupont)
293 2201 806 2289 7. Le Pré aux Clercs.
1290 2190 1682 2285 FERD. HÉROLD
487 2270 1118 2357 (entr'acte et air de l'opéra)
398 2336 1635 2437 Solistes : MM. Edm. De Herdt ( violon) et Jos. Cootmans (clarinette)
279 2415 744 2511 8. Valse militaire
1296 2413 1752 2534 EM. WALDTEUFEL
284 2584 1750 2661 Les Concerts-Militaires ont lieu tous les jours de 3 1/2 à 51/2 hs. de l’après-midi,
445 2653 1750 2705 et, en outre, les Mardis à 8 hs. du soir ; les Concerts de Symphonie, les
449 2696 1110 2760 Jeudis et Dimanches à 8 hs. du soir
291 2795 1666 2864 N.-B. — On ne pourra retenir sous aucun prétexte des places non occupées.
