2056 3270
482 478 1522 569 Société Royale de Zoologie d’Anvers
270 635 1732 746 ̃" ̃  ==================̃
482 730 1520 814 Jeudi 28 Juillet 1904, à 8 heures du soir
283 836 1732 1068 Concert de Symphonie
1518 1071 1632 1137 12.10.
361 1086 1639 1173 PAR L'ORCHESTRE DE LA SCIETE
434 1175 1570 1270 sous la direction de M. EDMARD REURVELS
947 1248 1058 1394 etc
757 1371 1243 1513 programme
902 1506 1128 1584 1re PARTIE
270 1586 829 1690 I. Fanfare inaugurale
1350 1582 1695 1679 PAUL GILSON
1349 1664 1619 1763 FR. BEHR
276 1655 936 1770 2. Deux danses hongroises.
471 1719 1245 1830 (orchestrées par Edw. Keurvels)
1358 1781 1595 1898 G. Bizet
261 1810 1192 1905 3. L'Arlésienne (1re suite d'orchestre)
385 1889 1338 1955 A) Prélude ; B) Minuetto ; c) Adagietto ; b) Carillon.
1361 1934 1734 2048 PETER BENOIT
270 1956 763 2051 4. Charlotte Corday
471 2022 1155 2128 (ouverture du drame lyrique)
889 2102 1135 2192 2me PARTIE
1347 2177 1747 2303 RICH. WAGNER
265 2195 1263 2316 5. Marche nuptiale (de l'opéra Lohengrin)
1352 2289 1606 2385 ED. LALO
270 2279 925 2372 6. Le Roi d'Ys (ouverture)
389 2354 1153 2435 Soliste : M. J. Van der Avort ( violoncelle).
1350 2418 1683 2518 J. Massenet
279 2418 1122 2504 7. Les Erinnyes (suite d'orchestre)
394 2491 995 2555 A) Entr'acte ; B) Danse grecque ;
392 2531 1267 2615 c) Latroyenne regretant sa patrie ; b) Finale.
1356 2582 1666 2672 H. LITOLFF
274 2584 703 2694 8. Frascati-valse
274 2743 1737 2810 Les Concerts-Militaires ont lieu tous les jours de 3 1/2 à 51/2 hs. de l'après-midi,
429 2809 1739 2878 et, en outre, les Mardis à 8 hs. du soir; les Concerts de Symphonie, les
429 2860 1104 2920 Jeudis et Dimanches à 8 hs. du soir.
279 2936 1642 3035 N.-B. —On ne pourra retenir sous aucun prétexte des places non occupées.
