2056 3270
446 331 1576 455 Koninklijke Maatschappij van Dierkunde
771 437 1239 542 VAN ANTWERPEN
294 538 1743 645 (3,3)3. 3,3. rt. 4,5. n. nr.
446 619 1588 716 Donderdag 28 Juli 1904, te 8 uren ’s avonds
290 777 1752 953 Symtonisch Concert
320 957 1726 1041 DOOR HET ORKEST DER MAATSCHAPPIJ
455 1050 1594 1155 onder de leiding van M. EDWERD REURVELS
962 1133 1069 1263 xx
777 1236 1254 1377 programma
940 1375 1115 1443 1e DEEL
288 1454 876 1544 I. Inhuldigingsfanfare
1364 1460 1704 1544 PAUL GILSON
285 1535 1019 1631 2. Twee Hungaarsche dansen.
1374 1539 1631 1640 FR. BEHR
481 1621 1489 1695 (voor orkest bewerkt door Edw. Keurvels)
279 1695 1067 1772 3. L'Arlésienne (Iste orkestsuite)
1370 1689 1609 1805 G. Bizet
408 1748 1364 1845 A) Voorspel ; B) Minuetto ; c) Adagietto ; b) Beiaard
288 1823 786 1908 4. Charlotte Corday
1377 1809 1755 1939 PETER BENOIT
485 1882 1328 1989 (openingstuk van het lyrisch drama)
929 1968 1111 2069 2e DEEL
279 2058 1324 2152 5. Bruiloftsmarsch (uit het zangspel Lohengrin)
1372 2033 1755 2137 RICH. WAGNER
285 2137 1017 2202 6. Le Roi d'Ys (opingstuk)
1374 2126 1629 2209 ED. LALO
400 2198 1093 2279 Solist : Heer J. Van der Avort (cello)
283 2270 955 2350 7. De Erinniën (orkestsuite)
1359 2270 1693 2361 J. MASSENET
398 2332 1140 2396 A) Tusschenbedrijf ; B) Grieksche dans;
398 2374 1471 2462 c) De Trojaansche treurende over haar vaderland; b) slot.
1364 2448 1662 2540 H. LITOLFF
285 2446 714 2549 8. Frascati-wals
279 2596 1743 2666 De Militaire-Concerten hebben dagelijks plaats van 3 1/2 tot 51/2 uren ’s namid-
439 2657 1755 2723 dags en, daarenboven. ’s Dinsdags om 8 uren’s avonds; de Symfonische
446 2708 1475 2769 Concerten op Donderdag en Zondag te 8 uren ’s avonds.
279 2791 1752 2854 N-B — Niet ingenomen plaatsen mogen onder geen voorwendsel voorbehouden
448 2846 604 2918 worden.
992 2876 1656 2967 Drukk. F. Janssens-Anthonis. — Antwerpen
