2056 3270
483 243 1523 344 Société Royale de Zoologie d'Anvers
267 397 1732 470 ....................................3. +3.
421 477 1582 580 Dimanche 31 Juillet 1904, à 8 heures du soir
282 593 1745 819 Concert de Symphonie
358 821 1642 945 PAR L'ORCHESTRE DE LA SOCIÉTÉ
428 934 1569 1028 sous la direction de M. EDWERD REURVELS
933 1024 1050 1121 etc.
750 1128 1236 1260 programme
889 1269 1123 1370 1re PARTIE
258 1359 814 1448 I. Marche triomphale
1236 1351 1701 1447 Joz. HUYBRECHTS
260 1434 764 1507 2. Roméo et Juliette
1249 1432 1567 1514 CH. GOUNOD
459 1489 1200 1582 (transcription par Jos Dupont)
262 1553 627 1642 3. A) Sérénade
1245 1554 1728 1639 MOR. MOSZK0WSY
322 1611 991 1701 B) Dernier amour (czardas)
1249 1618 1564 1703 Jos. GUNG’L
263 1677 1024 1779 4. Mignon (ouverture de l’opéra)
1240 1688 1604 1781 AMB. THOMAS
870 1770 1110 1854 2me PARTIE
258 1862 1075 1946 5. Patrie! (ouverture dramatique).
1245 1863 1637 1948 GEORGES BιZET
267 1948 1125 2021 6. Zambra morisca (fête mauresque)
1249 1935 1635 2019 J. M. B NAIGES
274 2015 1077 2094 7. Peer Gynt (1r suite d’orchestre)
1255 2012 1637 2092 EDVARD GRIEG
304 2068 1313 2143 a) Matin d’été dans les montagnes norvégiennes.
304 2120 675 2189 b) La mort d’Ase.
373 2160 1725 2224 La vieille Ase, mère de Peer, agonise. Le fils s’assied au pied du lit et
262 2191 1726 2271 conte à sa mère mourante une des mille légendes dont elle le berçait pendant son
254 2259 1514 2317 sommeil d’enfant. Au dernier mot du conte, Ase expire doucement.
291 2293 757 2354 c) La danse d'Anitra.
380 2321 1719 2397 Dans la tente d'un chef arabe, Peer Gynt se croyant Empereur et Prophète
254 2390 1725 2467 est étendu sur un divan. Anitra, fille du chef, et ses compagnes dansent et
263 2418 649 2472 chantent devant lui.
296 2472 1127 2529 d) Dans la halle du Roi des montagnes.
377 2504 1714 2564 Gnômes, esprits et lutins fêtent de leurs danses et de teurs cris les fian¬
254 2553 1717 2633 cailles de Gynt avec la fille du roi. Subitement le caverne s’écroule. Tout
258 2597 869 2654 disparait dans un grand cri final.
254 2639 770 2723 8. Rêve étoilé (valse)
1234 2641 1520 2725 AD. SOYER
254 2793 1710 2864 Les Concerts-Militaires ont lieu tous les jours de 31/2 à 5 1/2 hs. de l’après-midi
413 2851 1719 2911 et, en outre, les Mardis à 8 hs. du soir; les Concerts de Symphonie, les
410 2884 1081 2939 Jeudis et Dimanches à 8 hs. du soir.
252 2966 1628 3028 N.-B. — On ne pourra retenir sous aucun prétexte des places non occupées.
