2056 3270
470 242 1607 331 Koninklijke Maatschappij van Dierkunde
791 345 1269 454 VAN ANTWERPEN
312 448 1770 520 (3) 3,3. rt. A. w.M.V.A.Ciele I.H.C.F.T.TiiM.R.BiiM
503 534 1566 630 Zondag 31 Juli 1904, te 8 uren ’s avonds
307 619 1693 850 Symfonisch Concer
340 850 1737 944 DOOR HET ORKEST DER MAATSCHAPPIJ
465 953 1607 1060 onder de leiding van M. ED kan DeurveLS
984 1043 1087 1151 R
786 1129 1258 1274 programma
959 1274 1122 1353 1e DEEL
299 1348 692 1436 I. Zegemarsch
1287 1340 1741 1440 Joz. HUYBRECHTS
297 1419 755 1506 2. Romeo en Julia
1287 1425 1609 1515 CH. GOUNOD
494 1478 1249 1576 (bloemlezing door Joz. Dupont)
297 1541 663 1621 3. A) Serenade
1284 1524 1761 1629 MOR. MOSZK0WSY
362 1620 995 1695 B) Laatste liefde (czardas)
1284 1616 1588 1693 Jos. GUNG'L
299 1678 1254 1768 4. Mignon (openingstuk van het zangspel)
1282 1682 1638 1755 AMB. THOMAS
940 1757 1126 1829 2e DEEL
297 1825 1252 1915 5. Vaderland! (dramatisch openingstuk)
1289 1833 1673 1930 GEORGES BιZET
299 1913 1151 1998 6. Zambra morisca (Moorsch feest)
1282 1906 1676 1990 J. M. DENAIGES
303 1979 1003 2060 7. Peer Gynt (1e orkestsuite).
1287 1983 1665 2071 EDVARD GRIEG
332 2044 1355 2114 a) Zomermorgen in het Noorweegsche gebergte.
340 2091 622 2154 b) Ase's dood.
419 2130 1752 2196 Ase, de oude moeder van Peer, ligt te zieltogen. Bij haar sterfbed gezeten
297 2189 1759 2231 vertelt Gynt haar eene der menigvuldige legenden waarmede zij hem in zijne
299 2224 1570 2284 kindschheid zoo vaak wiegde. Als het vertelsel eindigt, ontslaapt Ase.
336 2266 701 2332 c) Anitra's dans.
419 2308 1761 2371 Peer Gynt verbeeld zich Keizer en Profeet te zijn. In de tent van een
288 2363 1761 2418 Arabisch opperhoofd ligt hij uitgestrekt op een divan. Anitra, dochter van den
294 2398 1449 2448 hoofdman, met hare gezellinnen, dansen en zingen voor hem.
332 2440 1058 2497 d) In de halle van den Bergkoning
409 2475 1759 2543 Berggeesten en Kabouters vieren bij dans en vreugdegeroep de verlovins
290 2541 1759 2591 van Peer Gynt met des konings dochter. De krochtstort in,en alles verzwindt bij
288 2576 894 2644 eenen laatsten ruwen schreeuw.
285 2624 920 2718 8. Gesternde droom (wals)
1280 2626 1555 2708 AD. SOYER
288 2782 1755 2846 De Militaire-Concerten hebben dagelijks plaats van 3 1/2 tot 5 1/ 2 uren ’s namid¬
446 2839 1763 2901 dags en, daarenboven. ’s Dinsdags om 8 uren’s avonds; de Symfonische
448 2877 1486 2925 Concerten op Donderdag en Zondag te 8 uren ’s avonds.
285 2918 426 3000 N-B.
441 2947 1761 3026 -Niet ingenomen plaatsen mogen onder geen voorwendsel voorbehouden
448 2986 608 3059 worden.
992 3008 1665 3112 Drukk. F. Janssens-Anthonis. — Antwerpen.
