2056 3270
497 392 1541 486 Société Royale de Zoologie d'Anvers
288 546 1752 649 ....................................+  ==================
519 629 1506 738 Jeudi 4 Août 1904, à 8 heures du soir
297 781 1743 982 Concert de Symphonie
374 964 1660 1081 PAR L’ORCHESTRE DE LA SOCIÉTÉ
445 1085 1585 1195 sous la direction de M. EDWERD REURVELS
960 1182 1063 1296 R.
777 1288 1257 1431 programme
907 1422 1140 1525 1re PARTIE
284 1504 900 1614 I. Euryanthe (ouverture)
1296 1512 1746 1603 C. M. VONWEBER
279 1605 929 1693 2. Trois danses espagnoles
1286 1596 1525 1679 G. Bizet
279 1677 922 1756 3. Don Giovanni (sélection)
1286 1668 1668 1792 W. A. MoZART
396 1746 922 1831 Flüte solo : M. Hipp. Vinck.
277 1822 801 1926 4. Marche hongroise.
1290 1803 1554 1897 FR. LISZT
894 1909 1140 1983 2me PARTIE
279 1986 991 2085 5. Michel Angelo (ouverture)
1290 1992 1695 2087 Niels W. GADE
279 2074 1193 2161 6. Capriccio brillant (Jota Aragonesa).
1286 2082 1596 2164 IW. Glimka
282 2148 1257 2239 7. Scènes pittoresques (suite d'orchestre)
1290 2157 1618 2276 J. MASSENET
398 2230 1477 2296 A) Marche ; B) Ai de danse ; c) Angélus ; n) Fête bohême.
282 2291 803 2402 8. España (rapsodie).
1281 2285 1657 2395 EM. CHABRIER
279 2441 1743 2534 Dimanche 7 Août, à 3 1/2 hs. : Concert par la société « De Antwerpsche
440 2503 678 2578 Harmonie. »
279 2566 1746 2657 Mardi 9, à 8 hs.: Concert par la Société d’Harmonie « De Bloemenkring »
443 2619 621 2677 d’Anvers.
277 2668 1746 2751 Les Concerts-Militaires ont lieu tous les jours de 3 1/2 à 51/2 hs. de l’après-midi,
440 2741 1741 2789 et, en outre, les Mardis à 8 hs. du soir ; les Concerts de Symphonie, les
445 2782 1105 2835 Jeudis et Dimanches à 8 hs. du soir.
284 2853 1651 2943 N.-B. —On ne pourra retenir sous aucun prétexte des places non occupées.
