2056 3270
482 318 1531 436 Société Royale de Zoologie d’Anvers
270 451 1728 546 ̃ ̃̃ t * r * * * t * * • r * a * * 3.
453 588 1555 677 Dimanche 7 Août 1904, à 8 heures du soir
287 673 1741 905 Concert de Symphonie
360 903 1641 1024 PAR L'ORCHESTRE DE LA SOCIÉTÉ
431 1029 1571 1106 sous la direction de M. ED daRD REURVELS
942 1115 1057 1228 etc.
746 1223 1237 1354 programme
887 1350 1124 1436 1re PARTIE
256 1442 803 1533 I. Ouverture jubilaire
1268 1447 1681 1544 JOS. CALLAERTS
257 1528 785 1610 2. Danse bohémienne
1263 1529 1732 1621 ALEX. STADTFELD
261 1604 900 1688 3. Les dragons de Villars
1263 1613 1608 1690 A. MAILLART
458 1675 1197 1761 (transcription par Jos Dupont)
265 1748 650 1840 4. Festmarsch
1263 1730 1577 1856 ED. LASSEN
869 1840 1128 1931 2me PARTIE
256 1929 1042 2022 5. Benvenuto Cellini (ouverture).
1263 1934 1710 2022 HECTOR BERLIOZ
261 2015 1230 2093 6. Les maîtres chanteurs de Nuremberg.
1268 2015 1659 2112 RICH. WAGNER
453 2080 1186 2170 (transcription par Jos. Dupont)
257 2159 1186 2247 7. Le Pré aux Clercs (entr'acte et aria)
1261 2146 1562 2241 F. HÉROLD
369 2217 1613 2309 Solistes : MM. Edm De Herdt ( violon) et Jos. Cootmans (clarinette)
257 2289 714 2400 8. Valse militaire
1261 2294 1717 2380 EM. WALDTEUFEL
252 2438 1719 2551 Mardi 9, à 8 hs.: Concert par la Société d’Harmonie « De Bloemenkring »
411 2517 597 2582 d’Anvers.
256 2573 1708 2654 Les Concerts-Militaires ont lieu tous les jours de 3 1/2 à 5 1/ 2 hs. de l’après-midi
411 2639 1714 2692 et, en outre, les Mardis à 8 hs. du soir; les Concerts de Symphonie, les
412 2686 1073 2743 Jeudis et Dimanches à 8 hs. du soir
256 2761 1628 2838 N.-B. — On ne pourra retenir sous aucun prétexte des places non occupées.
