2056 3270
490 315 1637 417 Koninklijke Maatschappij van Dierkunde
817 420 1287 509 VAN ANTWERPEN
326 513 1781 599 ̃ ̃ ⁃⁠ⱃⱥⱔⵛ�ⵈ.
470 597 1659 714 Zondag 7 Augustus 1904, te 8 uren ’s avonds
326 741 1796 907 Symionisch Concert
352 938 1772 1051 DOOR HET ORKEST DER MAATSCHAPPIJ
489 1036 1632 1130 onder de leiding van M. ED kan Deurvels
1007 1139 1121 1254 xx
809 1245 1298 1375 programma
983 1386 1158 1449 1e DEEL
1331 1449 1746 1552 Joz. CALLAERTS
324 1455 785 1547 I. Jubelouverture.
1335 1521 1800 1630 ALEX. STADIFELD
326 1543 837 1624 2. Boheemsche dans
1335 1611 1680 1705 A. MAILLART
326 1610 970 1702 3. Les dragons de Villars
527 1689 1278 1783 (bloemlezing door Joz. Dupont)
1333 1757 1648 1835 ED. LASSEN
330 1757 712 1851 4. Festmarsch
974 1855 1152 1932 2e DEEL
1339 1923 1781 2023 HECTOR BERLIOZ
326 1934 1173 2028 5. Benvenuto Cellini (opingstuk)
1344 2010 1729 2111 RICH. WAGNER
334 2013 1239 2100 6. De Meesterzangers van Nürnberg
529 2085 1280 2155 (bloemlezing door Joz. Dupont)
1348 2152 1641 2227 F. HÉROLD
330 2152 1243 2235 7. Le Pré aux Clercs (tusschenspel en aria)
448 2225 1648 2318 Solisten : HH. Edm. De Herdt (viool) en Jos. Cootmans (klarinet)
1344 2281 1798 2371 EM. WALDTEUFEL
330 2301 688 2380 8 Krijgswals
330 2448 1803 2541 Dinsdag 9, te 8 uren : Concert door de Antwerpsche Harmonie-Maatschappij
494 2513 894 2579 « De Bloemenkring ».
326 2565 1809 2635 De Militaire-Concerten hebben dagelijks plaats van 3 1/2 tot 51/2 uren ’s namid¬
489 2624 1805 2694 dags en, daarenboven. ’s Dinsdags om 8 uren ’’s avonds ; de Symfonische
496 2672 1523 2723 Concerten op Donderdag en Zondag te 8 uren ’s avonds.
326 2749 1803 2808 N-B.— Niet ingenomen plaatsen mogen onder geen voorwendsel voorbehouden
494 2799 651 2862 worden.
1044 2847 1715 2928 Drukk. F. Janssens-Anthonis. — Antwerpen.
