2056 3270
505 214 1549 314 Société Royale de Zoologie d'Anvers
294 349 1752 462 ̃' ̃  ==================̃
522 449 1525 543 Jeudi 11 Août 1904, à 8 heures du soir
309 525 1747 729 Concert de Symphonie
385 774 1668 880 PAR L’ORCHESTRE DE LA SCIÉTÉ
454 852 1585 963 sous la direction de M. ED daarD REURVELS
958 954 1081 1052 xx
778 1060 1261 1183 programme
914 1170 1145 1258 I re PARTIE
287 1260 723 1349 1. Marche arabe
1310 1247 1719 1356 AUG. DE BOECK
280 1343 947 1416 2. Rapsodie norvégienne (n
1310 1336 1565 1416 ED. LALO
287 1392 836 1472 3. Fantasia orientale.
1310 1403 1619 1499 F. ConsOLO
403 1456 1305 1516 a) Décadence et renaissance du peuple arabe ; b) Ai de danse
398 1499 1350 1554 c) Invocation et prière ; d) Cortège ; reprise de la danse ; — finale
287 1536 696 1627 4. Feestkianken.
1320 1543 1683 1623 PETER BENOIT
900 1605 1270 1707 2me PARTIE
1280 1608 1385 1701 G.H.F.P
280 1708 851 1783 5. Rob-Roy (ouverture)
1303 1687 1750 1787 HECTOR BERLIOZ
971 1698 1060 1792 27/
1309 1767 1707 1859 G. FR. HANDEL
285 1779 538 1845 6. Largo
861 1741 960 1857 2.
282 1847 518 1930 7. Sárka
1305 1848 1648 1927 FR. SMETANA
489 1899 1398 1968 (3e poème symphonique du cycle « Ma Patrie »)
347 1945 1745 2010 Sárka est la principale des amazones bohémiennes. Depuis qu'elle a été trahic dans son amour,
285 1999 1743 2048 elle a voué aux hommes une haine implacable, et les amazones, ses suivantes, leur ont déclaré une
280 2027 687 2072 guerre sans trève ni merci.
345 2034 1743 2106 Le chevalier Ctirad s’est mis en campagne contre elles, et de toutes parts résonne la chevauchée de
280 2076 642 2130 ses joyeux compagnons.
345 2110 1743 2156 Soudain un eri d'angoisse, déchirant, retentit dans la forêt ; guide par lui, Citrad trouve une jeune
287 2136 1734 2177 fille liée à un arbre. C'est Sárka. Elle raconte que ses compagnes l’ont malmenée ainsi pour se venge
282 2168 1738 2223 d’elle. Ctirad ne sait détourner de la jeune fille ses regards éblouis ; de plus eu plus impériousement le
280 2203 1616 2239 désir parle en lui. Enfin, n'écoutant plus que sa pitié et sa passion soudaine, il délivre Sárka
340 2226 1738 2266 La troupe entière dresse les tentes et s'adonne aux réjouissances. Au son des chants joyeux, les
287 2257 1732 2299 guerriers vident de larges et nombrenses coupes d’tydromel et, oublieux de tout danger, festoient jusqu
285 2294 1738 2328 bien avant dans la nuit. Lai fatigue met fin à l'orgie ; l’un après l'autre, les chevaliers succombent au
285 2315 431 2363 sommeil.
347 2339 1741 2406 Alors Sárka sonne du cor ; ses compagnes, répondant au signal, accourent, s'élancent sur les
278 2366 1416 2432 hommes endormis et les experiment tous. Leur désir de vengeange est assouvi
285 2408 816 2495 8. Danse bohémienne
1314 2401 1690 2505 G. MEYERBER
280 2532 1147 2643 Dimanche 14 : à 3 1/2 hs. : Concert Militaire.
434 2588 1701 2674 A S hs : Concert Extraordinaire par la Société des Fanfares de Wasmes.
434 2634 696 2694 Illumination.
271 2661 1665 2759 Lundi 15 : à 31|2 hs. : Concert par l'Harmonie Royale » St-Cécile » de Hal.
282 2744 1007 2801 Mardi 16 : à 3 hs. : Concert Militaire.
431 2770 1741 2843 A 8 hs. : Concert Extraordinaire par la Fanfare de l'bringingan Petroleum
434 2835 1716 2893 Company (2d Prix en Division d’Honneur au Concours de Bruxelles.—
436 2863 691 2919 Mumination.
274 2895 1728 2981 Les Concerts-Militaires ont lieu tous les jours de 3 1/2 à 51/2 hs. de l’après-midi
434 2968 1734 3017 et, en outre, les Mardis à 8 hs. du soir ; les Concerts de Symphonie, les
434 3001 1092 3057 Jeudis et Dimanches à 8 hs. du soir
282 3070 1643 3130 N.-B. — On ne pourra retenir sous aucun prétexte des places non occupées.
