2056 3270
463 165 1607 288 Koninklijke Maatschappij van Dierkunde
793 277 1258 393 VAN ANTWERPEN
657 303 758 380 G.C.P.
1337 281 1546 391 Cʼest avec
308 378 1754 485 ̃ ̃ r * * M M M A M M - M - * - * M
404 477 1669 542 Donderdag 11 Augustus 1904, te 8 uren ’s avonds
303 611 1699 793 Symonisch Concer
336 757 1728 885 DOOR HET ORKEST DER MAÄTSCHAPPIJ
465 867 1603 962 onder de leiding van M. EDWERD REURVELS
977 966 1085 1063 86
777 1063 1252 1197 programma
951 1164 1124 1274 1e DEEL
294 1247 834 1333 I. Arabische marsch
1315 1243 1722 1346 AUG. DE BOECK
288 1326 940 1412 2. Noordsche rhapsodie (n
1320 1324 1577 1407 ED. LALO
290 1392 830 1462 3. Fantasia orientale
1320 1392 1623 1480 F. ConsOLO
443 1429 1298 1489 Verval en herleving van het Arabische volk ; b) Danswijze
413 1480 1436 1544 c) Aanroeping en gebed; d) Optocht; herneming van den dans; — slot.
294 1509 700 1594 4. Feestklanken
1320 1524 1688 1618 PETER BENOIT
940 1576 1162 1667 2e DEEL-
281 1653 907 1746 5. Rob-Roy (opingstuk)
1315 1647 1752 1741 HECTOR BERLIOZ
285 1737 549 1809 6. Largo
1320 1726 1704 1812 G. FR. HANDEL
296 1798 518 1890 7. Sárka
1317 1794 1660 1873 FR. SMETANA
494 1860 1642 1928 (3de symfonisch gedicht uit den cyclus « Mijn Vaderland »)
347 1923 1755 1965 Särka, de voornaamste der Boheemsche amazonen, haat, wegens liefdeverraad, geheel het mannelijk
285 1957 1379 1994 geslacht, tegen betwelk de amazonen eenen oorlog voeren op leven en dood
347 1974 1741 2027 De ridder Citirad trekt tegen haar op, en wijd en zijd verneemt men den tocht zijner lustige metge
288 2018 1746 2049 zellen. Eenklaps weerklinkt door het bosch een hattverscheurende noodkreet ; dezes spoor volgend
285 2042 1746 2080 vindt Citirad een meisje, gebonden aan eenen boom. Het is Särka, die verklaart aldus behandeld te zijn
294 2075 1752 2112 door hare wraakgierige gezellinnen. Ctirad door haren aanblik verblind, kan zijne oogen van haar niet
285 2101 1743 2148 afwenden ; immer machtiger spreekt in hem het verlangen naar de betooverende vrouw, tot hij einde
283 2126 1039 2178 lijk, gehoor gevend aan zijn gevoel, Sárka bevrijdt.
342 2154 1737 2202 De gansche ridderschaar slaat aldaar het leger op, en vermaakt er zich naar hartelust. Bij vroolij
285 2178 1743 2226 gezang en een rijkelijk genot der mee, vergeten de krijgers weldra elk gevaar; kommerloos slijten zi
285 2222 1743 2259 den tijd met zingen en drinken tot laat in den nacht. Slempensmoede vervalt den eene na de andere ir
279 2248 1752 2286 eenen diepen slaap. — Dan geeft Särka een sein op haren hoorn, hare gezellinnen antwoorden uit het
285 2271 1746 2336 bosch, snellen nabij, storten op de gehate mannen en vermoorden ze allen. Hunne wraaklust is gekoeld
285 2310 779 2398 8. Boheemsche dans
1322 2317 1704 2402 G. MEYERBEER
275 2433 1146 2534 Zondag 14 : te 3 1/2 uren : Militaire Concert.
446 2486 1750 2563 Te 8 uren : Buitengewoon Concert door de » Société des Fanfares de
448 2545 891 2604 Wasmes. — Verlichting.
283 2571 1743 2657 Maandag 15 : te 3 1|2 uren : Concert door de Harmonie Royale « St-Cécile »
443 2639 610 2701 van Hal.
283 2679 1113 2773 Dinsdag 16 : te 3 uren : Militaire Concert.
441 2732 1737 2791 Te S uren : Buitengewoon'Concert door de Fanfare der sererican d'etro
433 2780 1746 2843 leum Company (2de Prijs in de Eere-Afdeeling bij den Wedstrijd van
437 2813 887 2881 Brussel). — Verlichting.
275 2848 1746 2929 De Militaire-Concerten hebben dagelijks plaats van 3 1/2 tot 51/2 uren ’s namid¬
433 2918 1744 2966 dags en, daarenboven. ’s Dinsdags om 8 uren’s avonds : de Symfonische
437 2956 1469 3004 Concerten op Donderdag en Zondag te 8 uren ’s avonds.
274 2991 409 3089 N.B.
424 3033 1744 3103 - Niet ingenomen plaatsen mogen onder geen voorwendsel voorbehouden
435 3065 600 3127 worden.
981 3092 1660 3180 Drukk. F. Janssens-Anthonis. — Antwerpen.
