2056 3270
479 355 1515 472 Société Royale de Zoologie d'Anvers
260 490 1725 588 ̃ ̃ t * * * k * * ^ * * „ * *
484 621 1495 730 Jeudi 18 Août 1904, à 8 heures du soir
273 781 1719 973 Concert de Symphonie
355 985 1630 1075 PAR L'ORCHESTRE DE LA SOCIÉTÉ
423 1087 1561 1182 sous la direction de M. EDMARD REURVELS
927 1184 1051 1300 etc
747 1304 1235 1450 programme
883 1457 1115 1541 Pro PARTIE
1246 1554 1626 1637 G. MEYERBEER
259 1555 630 1641 I. Festmarsch
1242 1634 1583 1727 K. REINECKE
260 1635 929 1727 2. König Manfred (prélude)
260 1716 871 1798 3. Quatre danses slaves
1242 1707 1635 1810 ANTON DVORAK
1246 1792 1526 1883 G. Rossinn
264 1785 1140 1889 4. Il Barbieri di Seviglia (ouverture).
872 1892 1118 1983 2me PARTIE
268 1991 1197 2069 5. Maximilien Robespierre (ouverture)
1242 1978 1552 2073 H. LITOLFF
273 2062 577 2147 6 Sérénade
142 2049 250 2171 S
1242 2065 1579 2167 H. VAELPUT
381 2133 903 2218 Flûte solo: M Hipp. Vinck.
270 2206 1570 2280 7. Scènes alsaciennes (suite d’orchestre) J. MASSENET
390 2278 1719 2340 A) Dimanche matin) ; B) Au Cabaret ; c) Sous les Tilleuls (scène d’amour);
386 2328 1723 2393 Solistes: MM.Jos.Vander Avort ( violoncelle) et Jos. Cootmans (clarinette) ;
390 2373 953 2448 b) Dimanche soir (la Retraite).
260 2437 705 2526 8. Ioyeux cortège
1246 2437 1727 2524 LOD. MORTELMANS
268 2601 1728 2686 Les Concerts-Militaires ont lieu tous les jours de 3 1/2 à 5 1/ 2 hs. de l’après-midi,
423 2677 1723 2752 et, en outre, les Mardis à 8 hs. du soir; les Concerts de Symphonie, les
423 2717 1089 2783 Jeudis et Dimanches à 8 hs. du soir.
270 2807 1643 2872 N.-B. — On ne pourra retenir sous aucun prétexte des places non occupées.
