2056 3270
488 287 1523 430 Société Royale de Zoologie d'Anvers
263 457 1734 545 ̃ ̃ t * * * r * * M * * + * *'*
433 560 1562 677 Dimanche 21 Août 1904, à 8 heures du soir
289 697 1732 931 Concert de Symphonie
358 944 1648 1053 PAR L'ORCHESTRE DE LA SOCIÉTÉ
428 1042 1573 1148 sous la direction de M. EDWERD REURVELS
942 1150 1053 1265 xx
753 1282 1240 1426 programme
889 1434 1127 1536 1re PARTIE
267 1527 728 1626 I. La Bohémienne.
1333 1522 1692 1629 B. W. BALFE
263 1640 1191 1715 2. Les rives du Danube (fantaisie hongroise)
1340 1622 1598 1714 E. TAVAN
267 1708 869 1798 3. Hamlet (transcription).
1344 1712 1728 1805 AMBR. THOMAS
263 1799 993 1891 4. Marche aux flambeaux n° 1
1350 1809 1734 1915 G. MEYERBEER
874 1898 1125 1975 2me PARTIE
262 1984 986 2074 5. Guillaume Tell (ouverture).
1348 1990 1631 2085 G. RossINI
379 2061 1211 2129 Solistes: MM. Jos. Vander Avort ( violoncelle),
380 2116 1251 2189 Hipp. Vinck, (flûte) et Ch. Rovies (cor anglais).
262 2184 719 2273 6. Danse bulgare
1350 2152 1688 2290 GABR. SEBEK
272 2280 1326 2385 7. Lohengrin (transcription par Jos. Dupont)
1344 2271 1732 2355 RICH. WAGNER
262 2352 691 2451 8. Frascati-valse
1340 2370 1637 2463 H. LITOLFF
271 2520 1726 2608 Les Concerts-Militaires ont lieu tous les jours de 3 1/2 à 51/2 hs. de l’après-midi,
424 2599 1725 2657 et, en outre, les Mardis à 8 hs. du soir ; les Concerts de Symphonie, les
422 2639 1097 2708 Jeudis et Dimanches à 8 hs. du soir.
267 2736 1637 2798 N.-B. —On ne pourra retenir sous aucun prétexte des places non occupées.
