2056 3270
471 329 1502 454 Société Royale de Zoologie d’Anvers
259 501 1710 612 ̃ ̃ t * * t * M * * * + * * r * * i a * *
467 608 1499 702 Mardi 23 Août 1904, à 8 heures du soir
261 731 1709 976 Concert de Symphonie
342 981 1618 1066 PAR L'ORCHESTRE DE LA SOCIÉTÉ
407 1081 1540 1186 sous la direction de M. EDWERD REURVELS
914 1195 1021 1316 FJ
726 1325 1218 1481 programme
863 1477 1095 1562 1re PARTIE
246 1566 1267 1671 I. Entrée des Nobles (de l'opéra Tannhäuser)
1296 1575 1681 1674 RICH. WAGNER
237 1671 710 1761 2. Concert-Polacca
1300 1676 1667 1759 RUP. POLACCA
241 1752 749 1835 3. Carnaval à Paris.
1300 1763 1680 1859 JOH. SVENDSEN
233 1823 1021 1955 4. Le Roi des Aulnes (ouverture)
1305 1852 1680 1946 PETER BENOIT
845 1949 1097 2036 2me PARTIE
232 2047 829 2127 5. Ouverture triomphale
1298 2016 1598 2143 FERD. RIES
241 2136 746 2214 6. Danse bohémienne
1294 2129 1703 2234 FRÉD. SMETANA
233 2208 1191 2311 7. Fantaisie sur des motifs populaires espagnols
1291 2196 1640 2304 FR. GeVAERT
237 2308 800 2391 8. Scènes napolitaines
1287 2308 1625 2404 J. MASSENET
348 2371 1459 2492 A) La danse ; n) La procession et l’improvisateur ; c) La fête.
233 2574 1689 2648 Les Concerts-Militaires ont lieu tous les jours de 3 1/2 à 51/2 hs. de l’après-midi,
395 2639 1694 2720 et, en outre, les Mardis à 8 hs. du soir; les Concerts de Symphonie, les
391 2675 1057 2746 Jeudis et Dimanches à 8 hs. du soir.
237 2749 1604 2863 N -B. — On ne pourra retenir sous aucun prétexte des places non occupées.
