2056 3270
472 307 1612 439 Koninklijke Maatschappij van Dierkunde
792 433 1264 530 VAN ANTWERPEN
315 541 1772 655 ̃ ̃ r * * M * * *  * * + * *
433 644 1668 729 Dinsdag 23 Augustus 1904, te 8 uren ’s avonds
1194 790 1764 972 Concert
303 790 1163 993 Symionisch
336 976 1886 1092 DOOR HET ORKEST DER MAATSCHAPPIJ
481 1088 1612 1210 onder de leiding van M. ED kan Deurvels
989 1190 1107 1306 xx
788 1306 1272 1453 programma
966 1451 1142 1550 1e DEEL
1380 1540 1764 1654 RICH. WAGNER
315 1542 846 1652 I. Intocht der Edelen
518 1629 1206 1730 (uit het zangspel Tannhäuser)
1378 1689 1749 1786 Rup. Polacca
309 1704 806 1789 2. Concert-Polacca
1380 1778 1759 1873 JOH. SVENDSEN
315 1797 835 1873 3. Carnaval te Parijs
1422 1865 1755 1950 JETER BENOIT
309 1867 1084 1971 4. De Elzenkoning (opingstuk)
970 1971 1142 2074 2° DEEL
1378 2066 1672 2155 FERD. RIES
309 2070 916 2157 5. Ouverture triomphaie
1386 2149 1782 2242 FRED. SMETANA
315 2155 827 2230 6. Boheemsche dans.
1380 2222 1716 2302 FR.GEVAERT.
325 2222 1078 2331 7. Fantazie op Spaansche volkswijzen
1376 2282 1677 2391 J. MASSINE
309 2302 1015 2396 8. Napolitaansche tooneelen
437 2365 1594 2443 A) De Dans ; B) De processie en de liedjeszanger ; c) Het Feest.
311 2522 1778 2622 De Militaire-Concerten hebben dagelijks plaats van 3 1/2 tot 5 1|2 uren ’s namid-
479 2605 1786 2659 dags en, daarenboven. ’s Dinsdags om 8 uren’s avonds ; de Symfonische
479 2653 1498 2715 Concerten op Donderdag en Zondag te 8 uren ’s avonds.
317 2744 1776 2816 N-B.— Niet ingenomen plaatsen mogen onder geen voorwendsel voorbehouder
477 2802 642 2881 worden.
1022 2843 1697 2937 Drukk. F. Janssens-Anthonis. — Antwerpen.
