2056 3270
499 347 1534 461 Société Royale de Zoologie d’Anvers
294 474 1750 603 ....................................+. +
507 594 1522 710 Jeudi 25 Août 1904, à 8 heures du soir
311 699 1752 929 Concert de Symphonie
375 918 1666 1024 PAR L'ORCHESTRE DE LA SOCIÉTÉ
448 1030 1580 1121 sous la direction de M. ED kanD REURVELS
955 1108 1066 1222 xx
768 1222 1251 1353 programme
913 1353 1147 1432 1re PARTIE
280 1426 783 1511 I. Marche héroïque
1275 1437 1604 1520 J. MASSENET
280 1503 724 1578 2. Maître Martin
1275 1503 1595 1596 JAN Blockx
485 1571 1355 1642 (suite d’orchestre extraite de l’opéra)
400 1611 953 1682 A) Les Tonneliers; n) Ballade
400 1670 1139 1735 c) Cortège; n) Valse ; c) Scène d’amour.
272 1710 657 1787 3. A) Mazurka
1275 1703 1639 1803 FRED. CHOPIN
346 1765 1068 1851 B) Chants de victoire (czardas)
1280 1781 1576 1856 Jos. GUNGl.
282 1836 953 1929 4. Giulio Cesare (ouverture)
1278 1847 1547 1937 S. FALCHI
902 1913 1132 1990 2me PARTIE
280 1993 905 2083 5. Gwendoline (ouverture
1269 1997 1617 2092 E. CHABRIER
280 2068 759 2154 6. Suite algérienne
1275 2065 1743 2180 CAM. SAINT-SAENS
399 2125 887 2204 A) Prélude (en vue d’Alger)
399 2174 836 2233 B) Rapsodie mauresque
400 2207 914 2268 c) Rêverie du soir (à Blidah
399 2251 945 2324 D) Marche militaire française.
280 2284 913 2374 7. L'invitation à la danse.
1269 2273 1743 2390 C. M. VONWEBER
276 2370 1095 2460 8. La Chevauchée des Walkyries
1273 2372 1659 2467 RICH. WAGNER
278 2489 1746 2579 Dimanche 28 crt., à 3 1/2 hs. de l’après-midi : Concert par la Société Royale
441 2557 1735 2619 d’Harmonie « Apollo r, de Berchem-Anvers, sous la direction de M. H
433 2591 616 2659 LEEMANS.
278 2639 1732 2718 Les Concerts-Militaires ont lieu tous les jours de 3 1/2 à 51/2 hs. de l’après-midi
443 2712 1741 2774 et, en outre, les Mardis à 8 hs. du soir; les Concerts de Symphonie, les
433 2738 1108 2789 Jeudis et Dimanches à 8 hs. du soir.
287 2809 1657 2875 N.-B. — On ne pourra retenir sous aucun prétexte des places non occupées.
