2056 3270
460 322 1597 464 Koninklijke Maatschappij van Dierkunde
773 454 1255 546 VAN ANTWERPEN
304 528 1750 657 (3,3)3.8. auldesto Raumpekirn.
401 633 1669 736 Donderdag 25 Augustus 1904, te 8 uren ’s avonds
305 736 1759 949 Symfonisch Concert
333 962 1744 1056 DOOR HET ORKEST DER MAÄTSCHAPPIJ
467 1049 1601 1150 onder de leiding van M. ED kan Deurvels
979 1133 1093 1249 86
782 1260 1255 1382 programma
957 1389 1128 1454 je DEEL
1295 1461 1627 1544 J. MASSENET
302 1465 753 1557 I. Heldenmarsch
304 1540 1270 1616 2. Meester Marten (orkestsuite uit het zangspel)
1294 1535 1616 1636 JAN BlOCXX
421 1595 931 1660 A) De Kuipers ; B) Ballade :
425 1634 1141 1715 c) Optocht ; p) Wals ; E) Liefdetooneel.
1305 1678 1671 1766 FRED. CHOPIM
313 1695 697 1774 3. A) Mazurka.
1305 1752 1562 1834 J. GUNG'L
368 1748 955 1838 B) Zegezangen (czardas)
1305 1811 1579 1899 S. FALCHI
313 1825 1019 1915 4. Giulio Cesare (opingstuk)
959 1904 1126 1971 2e DEEL
1308 1974 1638 2061 E. CHABRIER
313 1978 1003 2079 5. Gwendoline (opingstuk)
1308 2044 1774 2136 CAM. SAINT-SAENS.
313 2061 821 2140 6. Algerijnsche suite
429 2107 1075 2177 A) Voorspel (in ’t zicht van Algiers)
477 2156 843 2212 Moorsche rhapsodie
429 2184 1052 2254 c) Avondmijmeringen (te Blidah)
427 2239 914 2302 b) Fransche krijgsmarsch
1310 2247 1774 2359 C. M. VONWEBER
322 2287 911 2364 7. Uitnoodiging ter dans
1305 2339 1711 2429 RICH. WAGNER
313 2346 911 2431 8. De Rit der Walkuren
304 2482 1781 2547 Zondag 28 dez., te 3 i/2 uren ’s namiddags : Concert door de Koninklijke
469 2532 1779 2591 Harmonie-Maatschappij « Apollo », van Berchem-Antwerpen, onder de
473 2574 1100 2640 leiding van den Heer II. LEMANS.
309 2618 1774 2690 De Militaire-Concerten hebben dagelijks plaats van 3 1/2 tot 5 1/ 2 uren ’s namid¬
473 2675 1779 2738 dags en, daarenboven. ’s Dinsdags om 8 uren’s avonds ; de Symfonische
473 2736 1498 2778 Concerten op Donderdag en Zondag te 8 uren ’s avonds.
464 2799 1770 2870 - Niet ingenomen plaatsen mogen onder geen voorwendsel voorbehouden
304 2773 443 2865 N.B.
469 2843 627 2904 worden.
1016 2874 1695 2961 Drukk. F. Janssens-Anthonis. — Antwerpen.
