2056 3270
498 342 1531 485 Société Royale de Zoologie d’Anvers
279 533 1741 656 ̃" ̃  ===================  =================
441 635 1568 760 Dimanche 28 Août 1904, à 8 heures du soir
279 784 1752 997 Concert de Symphonie
360 986 1654 1093 PAR L'ORCHESTRE DE LA SOCIÉTÉ
443 1109 1588 1206 sous la direction de M. EDWERD REURVELS
944 1210 1071 1364 w.
762 1333 1256 1475 programme
900 1467 1131 1563 1re PARTIE
1274 1587 1625 1676 PAUL GILSON
274 1579 852 1671 I. Fanfare inaugurale
1278 1671 1519 1748 C. FAUST
274 1676 914 1765 2. Im Dämmerlicht (valse)
275 1761 1045 1853 3. Carmen (transcription par L. Jacobs)
1282 1754 1513 1842 G. BιZET
1278 1829 1746 1972 C. M. VONWEBER
272 1845 795 1959 4. Obéron (ouverture)
891 1943 1140 2033 2me PARTIE
274 2046 1236 2152 5. Marche nuptiale (de l'opéra Lohengrin)
1258 2044 1665 2143 RICH. WAGNER
277 2139 1603 2211 6. Phèdre (ouverture pour la tragédie de Racine). J. MASSENET
274 2215 916 2304 7. La Nuit de Walpurgis
1278 2227 1603 2345 CH. GOUNOD
470 2292 1030 2385 (ballet de l’opéra Faust)
274 2380 1050 2486 8. Rapsodie norvégienne (n° 2)
1269 2374 1528 2475 ED. LALO
274 2556 1732 2637 Les Concerts-Militaires ont lieu tous les jours de 3 1/2 à 51/2 hs. de l’après-midi
433 2631 1737 2692 et, en outre, les Mardis à 8 hs. du soir; les Concerts de Symphonie, les
433 2690 1111 2756 Jeudis et Dimanches à 8 hs. du soir.
274 2789 1658 2857 N.-B. — On ne pourra retenir sous aucun prétexte des places non occupées.
