<?xml version="1.0" encoding="UTF-8" standalone="yes"?>
<PcGts xmlns="http://schema.primaresearch.org/PAGE/gts/pagecontent/2013-07-15" xmlns:xsi="http://www.w3.org/2001/XMLSchema-instance" xsi:schemaLocation="http://schema.primaresearch.org/PAGE/gts/pagecontent/2013-07-15 http://schema.primaresearch.org/PAGE/gts/pagecontent/2013-07-15/pagecontent.xsd">
    <Metadata>
        <Creator>prov=READ-COOP:name=TrHtr:version=2.18.1:model_id=51170:date=16_10_2024_05:36</Creator>
        <Created>2024-10-15T15:15:16.845+02:00</Created>
        <LastChange>2024-10-16T05:36:18.347+02:00</LastChange>
        <TranskribusMetadata docId="4641973" pageId="80334123" pageNr="161" tsid="193993504" status="IN_PROGRESS" userId="131016" imgUrl="https://files.transkribus.eu/Get?id=URROZHFZRMUAPUDWBTFBTIOG&amp;fileType=view" xmlUrl="https://files.transkribus.eu/Get?id=FDHJTCWGXNKUDHXMHYNLITVG" imageId="65794794"/>
    </Metadata>
    <Page imageFilename="0161_kca-srdda-cpr1904-030901108875-tx-00161.jpg" imageWidth="2056" imageHeight="3270">
        <ReadingOrder>
            <OrderedGroup id="ro_1757315626271" caption="Regions reading order">
                <RegionRefIndexed index="0" regionRef="tr_2"/>
                <RegionRefIndexed index="1" regionRef="tr_3"/>
                <RegionRefIndexed index="2" regionRef="tr_1"/>
            </OrderedGroup>
        </ReadingOrder>
        <TextRegion id="tr_2" custom="readingOrder {index:0;}">
            <Coords points="325,75 1775,75 1775,1176 325,1176"/>
            <TextLine id="tr_2_tl_1" custom="readingOrder {index:0;}">
                <Coords points="523,134 747,129 812,164 1180,134 1245,160 1321,125 1501,153 1576,131 1576,73 1130,75 1087,49 523,82"/>
                <Baseline points="534,125 578,125 623,128 668,128 713,128 757,128 802,131 847,131 892,128 936,128 981,128 1026,128 1071,125 1115,125 1160,125 1205,125 1250,125 1294,125 1339,128 1384,125 1429,125 1473,125 1518,125 1563,125 1578,128"/>
                <TextEquiv>
                    <Unicode>Société Royale de Zoologie d'Anvers</Unicode>
                </TextEquiv>
            </TextLine>
            <TextLine id="tr_2_tl_2" custom="readingOrder {index:1;}">
                <Coords points="318,291 1770,296 1770,227 1607,211 318,225"/>
                <Baseline points="328,280 343,277 387,277 432,277 477,277 522,277 566,277 611,277 656,277 701,280 745,280 790,277 835,280 880,280 924,280 969,277 1014,277 1059,280 1103,280 1148,277 1193,277 1238,277 1282,277 1327,280 1372,280 1417,280 1461,280 1506,280 1551,280 1596,277 1640,280 1685,277 1730,277 1775,274"/>
                <TextEquiv>
                    <Unicode>̃ ̃ 1  ===================</Unicode>
                </TextEquiv>
            </TextLine>
            <TextLine id="tr_2_tl_3" custom="readingOrder {index:2;}">
                <Coords points="474,400 1603,389 1583,320 1414,349 1190,304 940,340 642,305 473,334"/>
                <Baseline points="483,372 528,372 572,372 617,372 662,372 707,372 751,375 796,372 841,372 886,372 930,372 975,372 1020,372 1065,372 1109,375 1154,372 1199,372 1244,372 1288,375 1333,372 1378,375 1423,372 1467,375 1512,375 1557,375 1602,378 1608,375"/>
                <TextEquiv>
                    <Unicode>Jeudi 1 Septembre 1904, à 8 heures du soir</Unicode>
                </TextEquiv>
            </TextLine>
            <TextLine id="tr_2_tl_4" custom="readingOrder {index:3;}">
                <Coords points="314,603 518,640 829,589 1363,640 1770,611 1770,454 1688,431 1518,480 1449,425 1341,487 1098,420 1025,471 929,416 714,476 314,423"/>
                <Baseline points="325,584 369,584 414,584 459,587 504,587 548,587 593,590 638,587 683,590 727,590 772,590 817,587 862,590 907,587 951,590 996,587 1041,590 1086,590 1130,590 1175,593 1220,590 1265,590 1309,590 1354,593 1399,590 1444,590 1488,590 1533,590 1578,590 1623,590 1667,590 1712,590 1757,590 1775,593"/>
                <TextEquiv>
                    <Unicode>Concert de Symphonie</Unicode>
                </TextEquiv>
            </TextLine>
            <TextLine id="tr_2_tl_5" custom="readingOrder {index:4;}">
                <Coords points="891,707 911,707 925,718 934,718 947,707 958,709 969,720 983,714 1000,716 1001,674 985,672 969,680 945,665 934,671 920,662 909,667 903,662 892,662"/>
                <Baseline points="901,701 945,701 990,698 1005,701"/>
                <TextEquiv>
                    <Unicode>1S</Unicode>
                </TextEquiv>
            </TextLine>
            <TextLine id="tr_2_tl_6" custom="readingOrder {index:5;}">
                <Coords points="407,758 1681,752 1659,658 1367,696 1167,654 954,711 843,665 407,667"/>
                <Baseline points="417,725 462,725 507,725 551,725 596,727 641,727 686,725 730,725 775,727 820,727 865,727 909,730 954,730 999,727 1044,727 1089,727 1133,727 1178,727 1223,727 1268,727 1312,727 1357,727 1402,727 1447,727 1491,727 1536,730 1581,730 1626,730 1670,727 1685,730"/>
                <TextEquiv>
                    <Unicode>PAR L’ORCHESTRE DE LA SOCIÉTÉ</Unicode>
                </TextEquiv>
            </TextLine>
            <TextLine id="tr_2_tl_7" custom="readingOrder {index:6;}">
                <Coords points="467,838 960,829 1092,865 1167,831 1394,858 1616,832 1614,767 1403,740 465,787"/>
                <Baseline points="477,820 522,820 566,820 611,820 656,820 701,820 745,820 790,820 835,823 880,823 924,823 969,823 1014,823 1059,823 1103,823 1148,823 1193,823 1238,823 1282,823 1327,823 1372,823 1417,823 1461,823 1506,823 1551,823 1596,823 1620,826"/>
                <TextEquiv>
                    <Unicode>sous la direction de M. accavo KEURVELS</Unicode>
                </TextEquiv>
            </TextLine>
            <TextLine id="tr_2_tl_8" custom="readingOrder {index:7;}">
                <Coords points="983,960 1000,963 1009,958 1020,965 1036,961 1047,971 1052,967 1061,974 1069,967 1078,976 1087,967 1096,967 1096,871 1080,871 1067,861 1060,867 1049,858 1040,867 1021,874 1007,865 994,874 983,872"/>
                <Baseline points="993,936 1038,936 1083,936 1100,936"/>
                <TextEquiv>
                    <Unicode>etc.</Unicode>
                </TextEquiv>
            </TextLine>
            <TextLine id="tr_2_tl_9" custom="readingOrder {index:8;}">
                <Coords points="802,1087 912,1069 1011,1107 1152,1072 1283,1076 1283,985 1240,1001 1190,989 1176,1003 1092,1007 952,1005 911,987 889,996 869,976 802,994"/>
                <Baseline points="811,1059 856,1056 901,1056 945,1059 990,1059 1035,1059 1080,1059 1124,1056 1169,1056 1214,1056 1259,1056 1288,1059"/>
                <TextEquiv>
                    <Unicode>programme</Unicode>
                </TextEquiv>
            </TextLine>
            <TextLine id="tr_2_tl_10" custom="readingOrder {index:9;}">
                <Coords points="931,1169 976,1172 985,1165 1021,1185 1045,1185 1058,1174 1090,1190 1110,1185 1132,1196 1145,1181 1170,1185 1169,1125 1158,1127 1141,1112 1114,1125 1087,1120 1063,1130 1036,1120 1014,1130 992,1114 965,1125 940,1103 927,1103"/>
                <Baseline points="939,1160 984,1154 1029,1157 1074,1160 1118,1160 1163,1163 1175,1166"/>
                <TextEquiv>
                    <Unicode>1re PARTIE</Unicode>
                </TextEquiv>
            </TextLine>
        </TextRegion>
        <TextRegion id="tr_3" custom="readingOrder {index:1;}">
            <Coords points="313,1203 1778,1203 1778,2444 313,2444"/>
            <TextLine id="tr_3_tl_1" custom="readingOrder {index:0;}">
                <Coords points="309,1245 349,1274 442,1263 478,1292 540,1269 598,1300 696,1261 807,1265 807,1218 309,1214"/>
                <Baseline points="319,1256 363,1256 408,1256 453,1256 498,1256 543,1253 587,1253 632,1253 677,1256 722,1256 766,1253 811,1256"/>
                <TextEquiv>
                    <Unicode>1 Marche militaire</Unicode>
                </TextEquiv>
            </TextLine>
            <TextLine id="tr_3_tl_2" custom="readingOrder {index:1;}">
                <Coords points="1300,1298 1359,1281 1414,1285 1430,1298 1501,1287 1527,1265 1559,1278 1587,1269 1636,1290 1672,1270 1670,1181 1605,1196 1521,1178 1478,1207 1438,1192 1372,1205 1343,1194 1298,1221"/>
                <Baseline points="1309,1259 1354,1259 1399,1259 1444,1259 1488,1259 1533,1259 1578,1259 1623,1262 1667,1262 1676,1265"/>
                <TextEquiv>
                    <Unicode>FR. SCHUBERT</Unicode>
                </TextEquiv>
            </TextLine>
            <TextLine id="tr_3_tl_3" custom="readingOrder {index:2;}">
                <Coords points="304,1354 329,1345 365,1358 380,1349 413,1367 438,1350 498,1361 531,1343 583,1369 611,1369 634,1363 632,1292 589,1301 573,1290 540,1301 493,1285 465,1303 443,1290 403,1289 369,1314 340,1298 302,1314"/>
                <Baseline points="313,1333 358,1333 402,1330 447,1333 492,1330 537,1333 581,1333 626,1333 638,1333"/>
                <TextEquiv>
                    <Unicode>2. Sérénade</Unicode>
                </TextEquiv>
            </TextLine>
            <TextLine id="tr_3_tl_4" custom="readingOrder {index:3;}">
                <Coords points="1309,1339 1339,1350 1367,1343 1385,1358 1476,1347 1541,1378 1559,1361 1590,1354 1627,1363 1627,1301 1581,1307 1514,1290 1492,1296 1469,1283 1414,1303 1392,1294 1372,1305 1339,1289 1309,1300"/>
                <Baseline points="1318,1336 1363,1336 1408,1336 1453,1336 1497,1339 1542,1339 1587,1339 1632,1339 1635,1336"/>
                <TextEquiv>
                    <Unicode>EDW. EIGAR</Unicode>
                </TextEquiv>
            </TextLine>
            <TextLine id="tr_3_tl_5" custom="readingOrder {index:4;}">
                <Coords points="429,1434 500,1409 1165,1405 1163,1339 1065,1370 965,1330 885,1370 771,1339 627,1369 427,1352"/>
                <Baseline points="438,1393 483,1396 528,1396 572,1396 617,1396 662,1396 707,1396 751,1396 796,1396 841,1396 886,1396 930,1396 975,1396 1020,1396 1065,1396 1109,1396 1154,1399 1169,1399"/>
                <TextEquiv>
                    <Unicode>A) allegro ; B) Larghetto ; c)Allegretto.</Unicode>
                </TextEquiv>
            </TextLine>
            <TextLine id="tr_3_tl_6" custom="readingOrder {index:5;}">
                <Coords points="309,1487 334,1494 380,1470 474,1496 565,1478 638,1503 671,1481 774,1490 774,1425 589,1438 558,1423 498,1434 467,1423 378,1443 340,1423 309,1441"/>
                <Baseline points="319,1473 331,1470 375,1467 420,1467 465,1467 510,1467 554,1467 599,1467 644,1467 689,1467 733,1467 778,1470"/>
                <TextEquiv>
                    <Unicode>3. Suite hongroise</Unicode>
                </TextEquiv>
            </TextLine>
            <TextLine id="tr_3_tl_7" custom="readingOrder {index:6;}">
                <Coords points="1305,1472 1363,1487 1401,1474 1458,1490 1514,1479 1565,1498 1583,1487 1616,1499 1645,1494 1645,1414 1630,1409 1601,1405 1578,1425 1543,1409 1527,1423 1505,1412 1479,1432 1412,1414 1370,1430 1343,1407 1305,1399"/>
                <Baseline points="1315,1473 1360,1470 1405,1470 1450,1470 1494,1473 1539,1473 1584,1473 1629,1473 1649,1473"/>
                <TextEquiv>
                    <Unicode>H. HOFMANN</Unicode>
                </TextEquiv>
            </TextLine>
            <TextLine id="tr_3_tl_8" custom="readingOrder {index:7;}">
                <Coords points="425,1534 478,1561 1650,1549 1650,1509 1514,1479 1270,1510 425,1487"/>
                <Baseline points="435,1533 480,1530 525,1530 569,1530 614,1530 659,1530 704,1530 748,1530 793,1530 838,1530 883,1530 927,1530 972,1530 1017,1530 1062,1533 1106,1530 1151,1533 1196,1530 1241,1530 1285,1533 1330,1533 1375,1533 1420,1533 1464,1533 1509,1533 1554,1533 1599,1533 1643,1536 1655,1536"/>
                <TextEquiv>
                    <Unicode>A) Dans la salle du Couronnement; B) Romance ; c) Dons la Pusta.</Unicode>
                </TextEquiv>
            </TextLine>
            <TextLine id="tr_3_tl_9" custom="readingOrder {index:8;}">
                <Coords points="313,1634 1032,1614 1283,1648 1283,1561 313,1563"/>
                <Baseline points="322,1611 366,1608 411,1605 456,1605 501,1605 545,1602 590,1605 635,1602 680,1602 725,1602 769,1602 814,1605 859,1605 904,1605 948,1605 993,1605 1038,1605 1083,1605 1127,1605 1172,1605 1217,1605 1262,1611 1285,1614"/>
                <TextEquiv>
                    <Unicode>4. Les Maftres Chanteurs de Nuremberg</Unicode>
                </TextEquiv>
            </TextLine>
            <TextLine id="tr_3_tl_10" custom="readingOrder {index:9;}">
                <Coords points="1309,1612 1372,1632 1410,1614 1459,1634 1509,1616 1549,1634 1688,1621 1688,1554 1632,1576 1572,1554 1452,1574 1398,1545 1309,1550"/>
                <Baseline points="1318,1608 1363,1608 1408,1608 1453,1608 1497,1605 1542,1608 1587,1608 1632,1608 1676,1608 1691,1611"/>
                <TextEquiv>
                    <Unicode>RICH. WAGNER</Unicode>
                </TextEquiv>
            </TextLine>
            <TextLine id="tr_3_tl_11" custom="readingOrder {index:10;}">
                <Coords points="514,1701 543,1701 571,1679 585,1687 671,1678 685,1687 785,1692 783,1628 758,1628 740,1643 718,1630 700,1641 674,1630 649,1643 614,1630 587,1641 563,1628 551,1638 513,1625"/>
                <Baseline points="525,1673 569,1673 614,1670 659,1673 704,1673 748,1673 787,1673"/>
                <TextEquiv>
                    <Unicode>(ouverture)</Unicode>
                </TextEquiv>
            </TextLine>
            <TextLine id="tr_3_tl_12" custom="readingOrder {index:11;}">
                <Coords points="923,1767 941,1774 992,1768 1025,1779 1040,1768 1071,1792 1096,1781 1118,1787 1138,1774 1170,1776 1169,1672 1103,1701 1087,1699 1052,1728 923,1732"/>
                <Baseline points="933,1763 978,1757 1023,1760 1068,1760 1112,1763 1157,1766 1175,1766"/>
                <TextEquiv>
                    <Unicode>2me PARTIE</Unicode>
                </TextEquiv>
            </TextLine>
            <TextLine id="tr_3_tl_13" custom="readingOrder {index:12;}">
                <Coords points="313,1881 382,1863 454,1881 642,1863 711,1888 745,1865 911,1877 911,1814 843,1821 818,1805 720,1830 600,1803 533,1825 493,1801 443,1825 394,1785 313,1792"/>
                <Baseline points="322,1858 366,1852 411,1852 456,1852 501,1852 545,1855 590,1855 635,1855 680,1855 725,1855 769,1855 814,1855 859,1855 904,1861 915,1864"/>
                <TextEquiv>
                    <Unicode>5. Sakuntala (ouverture)</Unicode>
                </TextEquiv>
            </TextLine>
            <TextLine id="tr_3_tl_14" custom="readingOrder {index:13;}">
                <Coords points="1310,1859 1349,1872 1390,1859 1450,1881 1469,1868 1674,1877 1672,1814 1554,1827 1523,1799 1501,1812 1434,1794 1414,1808 1359,1792 1341,1808 1310,1808"/>
                <Baseline points="1321,1858 1366,1858 1411,1858 1455,1861 1500,1861 1545,1861 1590,1861 1635,1861 1676,1864"/>
                <TextEquiv>
                    <Unicode>C. GOLDMüRK</Unicode>
                </TextEquiv>
            </TextLine>
            <TextLine id="tr_3_tl_15" custom="readingOrder {index:14;}">
                <Coords points="313,1945 1185,1965 1269,1956 1269,1892 313,1908"/>
                <Baseline points="322,1933 366,1933 411,1930 456,1930 501,1930 545,1930 590,1930 635,1930 680,1930 725,1930 769,1933 814,1933 859,1933 904,1936 948,1936 993,1936 1038,1936 1083,1936 1127,1936 1172,1936 1217,1936 1262,1939 1273,1939"/>
                <TextEquiv>
                    <Unicode>6. Danse macabre (poème symphonique)</Unicode>
                </TextEquiv>
            </TextLine>
            <TextLine id="tr_3_tl_16" custom="readingOrder {index:15;}">
                <Coords points="1318,1939 1699,1961 1714,1948 1770,1950 1770,1903 1719,1894 1674,1908 1643,1890 1614,1907 1538,1881 1516,1896 1450,1890 1430,1907 1374,1910 1350,1890 1318,1890"/>
                <Baseline points="1327,1936 1372,1936 1417,1936 1461,1939 1506,1936 1551,1936 1596,1936 1640,1939 1685,1939 1730,1939 1775,1942 1778,1939"/>
                <TextEquiv>
                    <Unicode>CAM. SAINT-SAENS.</Unicode>
                </TextEquiv>
            </TextLine>
            <TextLine id="tr_3_tl_17" custom="readingOrder {index:16;}">
                <Coords points="654,2003 885,2001 1023,2025 1087,2003 1183,2023 1220,1999 1270,2016 1270,1956 1250,1947 1076,1976 1021,1952 963,1974 925,1952 874,1970 738,1948 654,1959"/>
                <Baseline points="665,1987 710,1993 754,1993 799,1993 844,1993 889,1993 933,1996 978,1996 1023,1996 1068,1996 1112,1996 1157,1996 1202,1996 1247,1996 1273,1998"/>
                <TextEquiv>
                    <Unicode>Violon-solo : M. Edm. De Herdt.</Unicode>
                </TextEquiv>
            </TextLine>
            <TextLine id="tr_3_tl_18" custom="readingOrder {index:17;}">
                <Coords points="489,2050 1165,2065 1165,2017 1087,2003 1018,2025 900,2010 856,2027 767,2001 489,2005"/>
                <Baseline points="498,2040 543,2040 587,2040 632,2040 677,2040 722,2040 766,2040 811,2040 856,2043 901,2043 945,2043 990,2043 1035,2043 1080,2043 1124,2043 1169,2046 1172,2043"/>
                <TextEquiv>
                    <Unicode>Zig et Zig et Zig, la mort en cadence</Unicode>
                </TextEquiv>
            </TextLine>
            <TextLine id="tr_3_tl_19" custom="readingOrder {index:18;}">
                <Coords points="491,2086 1149,2097 1147,2057 1090,2052 489,2050"/>
                <Baseline points="498,2079 543,2079 587,2079 632,2079 677,2079 722,2079 766,2079 811,2082 856,2079 901,2082 945,2079 990,2082 1035,2082 1080,2082 1124,2085 1154,2085"/>
                <TextEquiv>
                    <Unicode>Frappant une tombe avec son talon,</Unicode>
                </TextEquiv>
            </TextLine>
            <TextLine id="tr_3_tl_20" custom="readingOrder {index:19;}">
                <Coords points="489,2128 1209,2137 1209,2092 1189,2086 489,2086"/>
                <Baseline points="498,2118 543,2118 587,2118 632,2118 677,2118 722,2118 766,2118 811,2121 856,2118 901,2118 945,2121 990,2121 1035,2121 1080,2121 1124,2121 1169,2121 1214,2127"/>
                <TextEquiv>
                    <Unicode>La mort à minuit joue un air de danse,</Unicode>
                </TextEquiv>
            </TextLine>
            <TextLine id="tr_3_tl_21" custom="readingOrder {index:20;}">
                <Coords points="485,2176 611,2188 685,2168 758,2183 998,2172 1031,2194 1089,2168 1089,2145 1045,2126 485,2126"/>
                <Baseline points="495,2157 540,2157 584,2157 629,2157 674,2157 719,2157 763,2157 808,2160 853,2157 898,2160 942,2160 987,2160 1032,2160 1077,2163 1094,2163"/>
                <TextEquiv>
                    <Unicode>Zig et Zig et Zag, sur son violon.</Unicode>
                </TextEquiv>
            </TextLine>
            <TextLine id="tr_3_tl_22" custom="readingOrder {index:21;}">
                <Coords points="489,2226 1316,2237 1314,2186 1160,2190 1098,2161 1034,2190 489,2177"/>
                <Baseline points="498,2213 543,2213 587,2210 632,2210 677,2213 722,2213 766,2213 811,2213 856,2213 901,2216 945,2216 990,2216 1035,2216 1080,2216 1124,2216 1169,2216 1214,2219 1259,2219 1303,2222 1318,2222"/>
                <TextEquiv>
                    <Unicode>Le vent d’hiver souffle, et la nuit est sombre ;</Unicode>
                </TextEquiv>
            </TextLine>
            <TextLine id="tr_3_tl_23" custom="readingOrder {index:22;}">
                <Coords points="489,2263 1192,2263 1180,2223 489,2226"/>
                <Baseline points="498,2252 543,2252 587,2252 632,2252 677,2252 722,2249 766,2252 811,2255 856,2252 901,2252 945,2255 990,2255 1035,2255 1080,2255 1124,2255 1169,2255 1196,2258"/>
                <TextEquiv>
                    <Unicode>Des gémissements sortent des tilleuls :</Unicode>
                </TextEquiv>
            </TextLine>
            <TextLine id="tr_3_tl_24" custom="readingOrder {index:23;}">
                <Coords points="491,2297 1307,2310 1307,2268 1250,2256 491,2261"/>
                <Baseline points="501,2288 545,2291 590,2291 635,2291 680,2291 725,2291 769,2291 814,2291 859,2291 904,2291 948,2294 993,2294 1038,2294 1083,2294 1127,2294 1172,2294 1217,2294 1262,2294 1306,2297 1312,2300"/>
                <TextEquiv>
                    <Unicode>Les sequelettes blancs vont à travers l’ombre.</Unicode>
                </TextEquiv>
            </TextLine>
            <TextLine id="tr_3_tl_25" custom="readingOrder {index:24;}">
                <Coords points="491,2343 1307,2350 1307,2310 1281,2299 491,2306"/>
                <Baseline points="501,2324 545,2330 590,2330 635,2330 680,2330 725,2330 769,2330 814,2333 859,2330 904,2330 948,2330 993,2333 1038,2333 1083,2333 1127,2333 1172,2333 1217,2333 1262,2333 1306,2336 1309,2336"/>
                <TextEquiv>
                    <Unicode>Courant et sautant sous leurs grands linceuls.</Unicode>
                </TextEquiv>
            </TextLine>
            <TextLine id="tr_3_tl_26" custom="readingOrder {index:25;}">
                <Coords points="491,2395 1185,2406 1185,2368 1054,2348 849,2345 800,2365 776,2346 640,2348 576,2366 491,2343"/>
                <Baseline points="501,2386 545,2386 590,2386 635,2386 680,2386 725,2386 769,2386 814,2389 859,2389 904,2389 948,2389 993,2389 1038,2389 1083,2389 1127,2389 1172,2392 1190,2395"/>
                <TextEquiv>
                    <Unicode>Zig et Zig et Zig, chacun se trémouse,</Unicode>
                </TextEquiv>
            </TextLine>
            <TextLine id="tr_3_tl_27" custom="readingOrder {index:26;}">
                <Coords points="494,2437 629,2434 689,2461 896,2435 941,2452 1014,2435 1051,2466 1116,2439 1183,2457 1167,2399 494,2399"/>
                <Baseline points="504,2422 548,2425 593,2425 638,2425 683,2425 727,2428 772,2428 817,2428 862,2428 907,2428 951,2428 996,2428 1041,2428 1086,2428 1130,2428 1175,2434 1187,2434"/>
                <TextEquiv>
                    <Unicode>On entend claquer les os des danseurs</Unicode>
                </TextEquiv>
            </TextLine>
        </TextRegion>
        <TextRegion id="tr_1" custom="readingOrder {index:2;}">
            <Coords points="319,2492 1775,2492 1775,3235 319,3235"/>
            <TextLine id="tr_1_tl_1" custom="readingOrder {index:0;}">
                <Coords points="491,2550 1236,2559 1236,2486 1132,2521 1081,2492 987,2521 738,2521 612,2488 529,2505 491,2481"/>
                <Baseline points="501,2542 545,2542 590,2544 635,2544 680,2544 725,2544 769,2544 814,2542 859,2544 904,2544 948,2544 993,2544 1038,2544 1083,2544 1127,2544 1172,2547 1217,2547 1241,2553"/>
                <TextEquiv>
                    <Unicode>Mais psit! tout à coup on quitte la ronde.</Unicode>
                </TextEquiv>
            </TextLine>
            <TextLine id="tr_1_tl_2" custom="readingOrder {index:1;}">
                <Coords points="491,2594 723,2612 809,2594 845,2621 1181,2594 1180,2555 1140,2550 491,2555"/>
                <Baseline points="501,2577 545,2580 590,2583 635,2583 680,2583 725,2583 769,2583 814,2583 859,2583 904,2583 948,2583 993,2586 1038,2583 1083,2586 1127,2586 1172,2586 1184,2589"/>
                <TextEquiv>
                    <Unicode>On se pousse, on fuit, le coq à chanté.</Unicode>
                </TextEquiv>
            </TextLine>
            <TextLine id="tr_1_tl_3" custom="readingOrder {index:2;}">
                <Coords points="491,2688 502,2688 518,2699 529,2692 540,2694 553,2681 567,2684 567,2634 556,2632 542,2641 527,2641 518,2650 513,2644 491,2648"/>
                <Baseline points="501,2661 545,2661 572,2661"/>
                <TextEquiv>
                    <Unicode>..</Unicode>
                </TextEquiv>
            </TextLine>
            <TextLine id="tr_1_tl_4" custom="readingOrder {index:3;}">
                <Coords points="914,2717 947,2719 1009,2744 1031,2737 1058,2754 1087,2732 1149,2728 1172,2741 1194,2737 1194,2670 1181,2666 1145,2677 1098,2672 1081,2683 1056,2664 1025,2683 1016,2674 980,2686 954,2672 914,2677"/>
                <Baseline points="924,2712 969,2709 1014,2712 1059,2709 1103,2712 1148,2712 1193,2715 1199,2712"/>
                <TextEquiv>
                    <Unicode>HENRI CAZALIS.</Unicode>
                </TextEquiv>
            </TextLine>
            <TextLine id="tr_1_tl_5" custom="readingOrder {index:4;}">
                <Coords points="318,2803 349,2808 394,2781 438,2806 520,2792 520,2735 467,2743 445,2730 429,2739 391,2730 369,2750 318,2744"/>
                <Baseline points="328,2777 372,2780 417,2777 462,2777 507,2780 525,2780"/>
                <TextEquiv>
                    <Unicode>7. Aria</Unicode>
                </TextEquiv>
            </TextLine>
            <TextLine id="tr_1_tl_6" custom="readingOrder {index:5;}">
                <Coords points="1300,2804 1323,2808 1347,2797 1354,2804 1369,2795 1399,2819 1463,2799 1476,2806 1514,2799 1530,2810 1563,2795 1592,2804 1592,2752 1570,2746 1554,2757 1530,2744 1510,2759 1489,2744 1427,2746 1407,2735 1387,2748 1363,2748 1341,2734 1300,2741"/>
                <Baseline points="1309,2795 1327,2792 1372,2789 1417,2789 1461,2786 1506,2786 1551,2786 1596,2786"/>
                <TextEquiv>
                    <Unicode>J. S. BACH</Unicode>
                </TextEquiv>
            </TextLine>
            <TextLine id="tr_1_tl_7" custom="readingOrder {index:6;}">
                <Coords points="309,2879 373,2897 405,2868 456,2879 478,2863 598,2897 643,2872 674,2893 818,2861 818,2835 782,2821 729,2813 709,2828 640,2803 520,2823 480,2799 442,2801 385,2823 309,2826"/>
                <Baseline points="319,2852 363,2855 408,2855 453,2855 498,2855 543,2855 587,2855 632,2855 677,2858 722,2858 766,2858 811,2861 823,2861"/>
                <TextEquiv>
                    <Unicode>8. Marche troyenne</Unicode>
                </TextEquiv>
            </TextLine>
            <TextLine id="tr_1_tl_8" custom="readingOrder {index:7;}">
                <Coords points="1305,2906 1372,2908 1405,2884 1434,2895 1478,2883 1579,2913 1610,2903 1630,2913 1668,2892 1705,2899 1705,2828 1578,2832 1547,2806 1527,2823 1494,2823 1469,2804 1398,2823 1343,2815 1305,2826"/>
                <Baseline points="1315,2861 1360,2861 1405,2861 1450,2864 1494,2861 1539,2864 1584,2864 1629,2864 1673,2861 1709,2861"/>
                <TextEquiv>
                    <Unicode>HECT. BERLIOZ</Unicode>
                </TextEquiv>
            </TextLine>
            <TextLine id="tr_1_tl_9" custom="readingOrder {index:8;}">
                <Coords points="313,3032 1770,3053 1738,2975 313,2975"/>
                <Baseline points="322,3025 366,3025 411,3025 456,3025 501,3025 545,3028 590,3025 635,3025 680,3028 725,3028 769,3028 814,3028 859,3028 904,3028 948,3028 993,3031 1038,3028 1083,3031 1127,3028 1172,3028 1217,3031 1262,3031 1306,3031 1351,3031 1396,3031 1441,3031 1485,3031 1530,3031 1575,3031 1620,3034 1664,3034 1709,3034 1754,3034 1775,3034"/>
                <TextEquiv>
                    <Unicode>Les Concerts-Militaires ont lieu tous les jours de 3 1/2 à 51/2 hs. de l’après-midi,</Unicode>
                </TextEquiv>
            </TextLine>
            <TextLine id="tr_1_tl_10" custom="readingOrder {index:9;}">
                <Coords points="473,3082 1770,3106 1770,3053 1667,3037 473,3052"/>
                <Baseline points="483,3073 528,3073 572,3073 617,3073 662,3076 707,3076 751,3073 796,3073 841,3076 886,3076 930,3076 975,3076 1020,3076 1065,3076 1109,3076 1154,3079 1199,3076 1244,3076 1288,3079 1333,3079 1378,3079 1423,3079 1467,3079 1512,3079 1557,3079 1602,3079 1646,3079 1691,3082 1736,3079 1775,3082"/>
                <TextEquiv>
                    <Unicode>et, en outre, les Mardis à 8 hs. du soir ; les Concerts d = Symphonie, les</Unicode>
                </TextEquiv>
            </TextLine>
            <TextLine id="tr_1_tl_11" custom="readingOrder {index:10;}">
                <Coords points="471,3137 1138,3152 1138,3086 662,3082 611,3099 471,3082"/>
                <Baseline points="480,3114 522,3120 566,3120 611,3120 656,3123 701,3123 745,3123 790,3123 835,3123 880,3120 924,3120 969,3123 1014,3123 1059,3123 1103,3123 1142,3129"/>
                <TextEquiv>
                    <Unicode>Jeudis et Dimanches à 8 hs. du soir.</Unicode>
                </TextEquiv>
            </TextLine>
            <TextLine id="tr_1_tl_12" custom="readingOrder {index:11;}">
                <Coords points="318,3222 1690,3228 1674,3173 318,3177"/>
                <Baseline points="328,3210 372,3216 417,3216 462,3213 507,3213 551,3216 596,3216 641,3216 686,3216 730,3216 775,3213 820,3216 865,3213 909,3216 954,3216 999,3216 1044,3216 1089,3216 1133,3216 1178,3216 1223,3219 1268,3216 1312,3219 1357,3216 1402,3216 1447,3216 1491,3219 1536,3219 1581,3219 1626,3222 1670,3222 1694,3225"/>
                <TextEquiv>
                    <Unicode>N.-B. — On ne pourra retenir sous aucun prétexte des places non occupées.</Unicode>
                </TextEquiv>
            </TextLine>
        </TextRegion>
    </Page>
</PcGts>
