<?xml version="1.0" encoding="UTF-8" standalone="yes"?>
<PcGts xmlns="http://schema.primaresearch.org/PAGE/gts/pagecontent/2013-07-15" xmlns:xsi="http://www.w3.org/2001/XMLSchema-instance" xsi:schemaLocation="http://schema.primaresearch.org/PAGE/gts/pagecontent/2013-07-15 http://schema.primaresearch.org/PAGE/gts/pagecontent/2013-07-15/pagecontent.xsd">
    <Metadata>
        <Creator>prov=READ-COOP:name=TrHtr:version=2.18.1:model_id=51170:date=16_10_2024_05:36</Creator>
        <Created>2024-10-15T15:15:17.028+02:00</Created>
        <LastChange>2024-10-16T05:36:18.729+02:00</LastChange>
        <TranskribusMetadata docId="4641973" pageId="80334125" pageNr="163" tsid="193993506" status="IN_PROGRESS" userId="131016" imgUrl="https://files.transkribus.eu/Get?id=HAGJWFXMMBZHPUNJZAHMGOPT&amp;fileType=view" xmlUrl="https://files.transkribus.eu/Get?id=UHCPXQZLKUVJPNMKFPEKBSBG" imageId="65794796"/>
    </Metadata>
    <Page imageFilename="0163_kca-srdda-cpr1904-030901108875-tx-00163.jpg" imageWidth="2056" imageHeight="3270">
        <ReadingOrder>
            <OrderedGroup id="ro_1757315626894" caption="Regions reading order">
                <RegionRefIndexed index="0" regionRef="tr_2"/>
                <RegionRefIndexed index="1" regionRef="tr_1"/>
            </OrderedGroup>
        </ReadingOrder>
        <TextRegion id="tr_2" custom="readingOrder {index:0;}">
            <Coords points="274,337 1733,337 1733,1427 274,1427"/>
            <TextLine id="tr_2_tl_1" custom="readingOrder {index:0;}">
                <Coords points="480,405 580,422 665,394 802,427 918,385 1174,422 1252,383 1481,411 1516,398 1516,333 1161,345 1052,313 792,345 523,314 480,338"/>
                <Baseline points="489,390 492,390 537,387 581,387 626,387 671,387 716,387 760,387 805,390 850,390 895,387 939,390 984,387 1029,387 1074,387 1118,387 1163,387 1208,390 1253,387 1297,390 1342,387 1387,387 1432,387 1476,390 1521,387"/>
                <TextEquiv>
                    <Unicode>Société Royale de Zoologie d'Anvers</Unicode>
                </TextEquiv>
            </TextLine>
            <TextLine id="tr_2_tl_2" custom="readingOrder {index:1;}">
                <Coords points="264,522 474,560 1725,540 1725,476 1463,445 1243,483 956,436 856,474 264,480"/>
                <Baseline points="274,528 319,528 363,528 408,528 453,528 498,528 543,528 587,528 632,528 677,528 722,525 766,528 811,528 856,528 901,528 945,528 990,525 1035,528 1080,528 1124,528 1169,528 1214,528 1259,528 1303,525 1348,525 1393,525 1438,525 1482,528 1527,528 1572,528 1617,525 1661,528 1706,528 1727,528"/>
                <TextEquiv>
                    <Unicode>̃ ̃ 3  ===================</Unicode>
                </TextEquiv>
            </TextLine>
            <TextLine id="tr_2_tl_3" custom="readingOrder {index:2;}">
                <Coords points="380,660 1607,629 1572,571 380,569"/>
                <Baseline points="390,626 402,623 447,623 492,623 537,623 581,623 626,620 671,620 716,620 760,620 805,620 850,620 895,620 939,620 984,620 1029,620 1074,620 1118,620 1163,620 1208,620 1253,620 1297,620 1342,620 1387,620 1432,617 1476,620 1521,620 1566,620 1611,620"/>
                <TextEquiv>
                    <Unicode>Dimanche 4 Septembre 1904, à 8 heures du soir</Unicode>
                </TextEquiv>
            </TextLine>
            <TextLine id="tr_2_tl_4" custom="readingOrder {index:3;}">
                <Coords points="280,854 607,881 725,836 871,878 965,834 1081,900 1221,856 1332,900 1519,836 1718,869 1728,729 1087,714 1011,780 931,714 776,767 716,714 416,714 280,771"/>
                <Baseline points="289,832 334,835 378,835 423,835 468,835 513,838 557,838 602,838 647,835 692,835 736,835 781,835 826,835 871,835 915,835 960,835 1005,832 1050,835 1094,835 1139,835 1184,835 1229,835 1273,838 1318,838 1363,838 1408,835 1453,835 1497,835 1542,835 1587,835 1632,835 1676,835 1721,838 1733,841"/>
                <TextEquiv>
                    <Unicode>Concert de Symphonie</Unicode>
                </TextEquiv>
            </TextLine>
            <TextLine id="tr_2_tl_5" custom="readingOrder {index:4;}">
                <Coords points="842,960 851,960 860,954 885,965 898,952 911,951 925,938 934,938 936,909 920,911 914,916 901,911 896,916 891,914 887,918 883,912 878,912 869,905 865,909 858,901 845,903"/>
                <Baseline points="853,945 895,942 939,939"/>
                <TextEquiv>
                    <Unicode>3S3</Unicode>
                </TextEquiv>
            </TextLine>
            <TextLine id="tr_2_tl_6" custom="readingOrder {index:5;}">
                <Coords points="351,978 1538,1005 1639,981 1639,903 969,916 881,963 814,911 351,932"/>
                <Baseline points="361,975 405,975 450,975 495,975 540,975 584,972 629,972 674,972 719,972 763,972 808,972 853,975 898,975 942,972 987,972 1032,972 1077,972 1121,972 1166,972 1211,972 1256,972 1300,972 1345,972 1390,972 1435,972 1479,972 1524,972 1569,975 1614,975 1643,975"/>
                <TextEquiv>
                    <Unicode>PAR L’ORCHESTRE DE LA SOCIÉTÉ</Unicode>
                </TextEquiv>
            </TextLine>
            <TextLine id="tr_2_tl_7" custom="readingOrder {index:6;}">
                <Coords points="422,1096 1081,1069 1509,1092 1561,1083 1561,1014 1256,996 1078,1038 994,1005 422,1043"/>
                <Baseline points="432,1071 447,1071 492,1071 537,1071 581,1068 626,1068 671,1068 716,1068 760,1068 805,1065 850,1068 895,1065 939,1065 984,1065 1029,1068 1074,1065 1118,1065 1163,1065 1208,1065 1253,1065 1297,1065 1342,1065 1387,1065 1432,1065 1476,1068 1521,1068 1566,1068"/>
                <TextEquiv>
                    <Unicode>sous la direction de M. accavo KEURVELS</Unicode>
                </TextEquiv>
            </TextLine>
            <TextLine id="tr_2_tl_8" custom="readingOrder {index:7;}">
                <Coords points="932,1214 956,1216 967,1225 1027,1196 1043,1200 1051,1116 1038,1116 1025,1105 1014,1110 1001,1103 985,1110 971,1100 954,1109 941,1105"/>
                <Baseline points="945,1184 960,1187 1005,1181 1050,1178"/>
                <TextEquiv>
                    <Unicode>Paraphe</Unicode>
                </TextEquiv>
            </TextLine>
            <TextLine id="tr_2_tl_9" custom="readingOrder {index:8;}">
                <Coords points="754,1347 840,1330 934,1358 976,1332 1096,1320 1125,1339 1165,1323 1227,1334 1227,1241 1136,1245 1083,1265 1032,1243 1001,1270 756,1220"/>
                <Baseline points="766,1318 784,1318 829,1312 874,1309 918,1312 963,1315 1008,1315 1053,1312 1097,1312 1142,1312 1187,1312 1232,1312"/>
                <TextEquiv>
                    <Unicode>programme</Unicode>
                </TextEquiv>
            </TextLine>
            <TextLine id="tr_2_tl_10" custom="readingOrder {index:9;}">
                <Coords points="891,1429 927,1425 941,1414 961,1429 976,1427 989,1436 1020,1429 1040,1443 1051,1436 1067,1439 1090,1421 1116,1427 1114,1381 1096,1385 1054,1370 1041,1378 1032,1370 1005,1383 983,1376 963,1387 941,1381 921,1390 911,1381 889,1389"/>
                <Baseline points="901,1414 945,1408 990,1411 1035,1414 1080,1414 1121,1417"/>
                <TextEquiv>
                    <Unicode>1re PARTIE</Unicode>
                </TextEquiv>
            </TextLine>
        </TextRegion>
        <TextRegion id="tr_1" custom="readingOrder {index:1;}">
            <Coords points="268,1459 1730,1459 1730,2826 268,2826"/>
            <TextLine id="tr_1_tl_1" custom="readingOrder {index:0;}">
                <Coords points="264,1536 625,1521 676,1556 794,1521 1012,1536 1012,1469 969,1485 925,1456 832,1483 756,1461 554,1478 456,1459 264,1479"/>
                <Baseline points="274,1512 319,1515 363,1512 408,1512 453,1512 498,1512 543,1512 587,1512 632,1512 677,1512 722,1512 766,1512 811,1512 856,1509 901,1509 945,1512 990,1515 1017,1518"/>
                <TextEquiv>
                    <Unicode>I. Die Felsenmühle (ouverture)</Unicode>
                </TextEquiv>
            </TextLine>
            <TextLine id="tr_1_tl_2" custom="readingOrder {index:1;}">
                <Coords points="1290,1539 1387,1539 1445,1519 1545,1527 1598,1554 1641,1527 1699,1529 1699,1481 1661,1465 1559,1485 1501,1476 1478,1458 1439,1478 1399,1459 1383,1472 1347,1449 1320,1472 1290,1476"/>
                <Baseline points="1300,1512 1345,1512 1390,1512 1435,1515 1479,1515 1524,1515 1569,1515 1614,1515 1658,1515 1703,1518"/>
                <TextEquiv>
                    <Unicode>C. G. REISSIGER</Unicode>
                </TextEquiv>
            </TextLine>
            <TextLine id="tr_1_tl_3" custom="readingOrder {index:2;}">
                <Coords points="1292,1588 1339,1605 1347,1601 1372,1618 1379,1610 1412,1610 1445,1596 1463,1603 1481,1599 1498,1614 1514,1614 1512,1554 1476,1556 1470,1550 1452,1559 1423,1547 1410,1556 1399,1545 1379,1545 1359,1559 1334,1543 1292,1541"/>
                <Baseline points="1303,1587 1348,1587 1393,1590 1438,1590 1482,1590 1518,1593"/>
                <TextEquiv>
                    <Unicode>G. AsCH</Unicode>
                </TextEquiv>
            </TextLine>
            <TextLine id="tr_1_tl_4" custom="readingOrder {index:3;}">
                <Coords points="264,1594 391,1614 438,1596 623,1614 647,1594 825,1603 867,1594 867,1558 789,1539 665,1558 632,1539 496,1563 443,1539 344,1574 307,1550 264,1561"/>
                <Baseline points="274,1590 319,1593 363,1593 408,1590 453,1590 498,1590 543,1590 587,1587 632,1587 677,1587 722,1590 766,1587 811,1587 856,1587 871,1590"/>
                <TextEquiv>
                    <Unicode>2. A) Patrouille anglaise.</Unicode>
                </TextEquiv>
            </TextLine>
            <TextLine id="tr_1_tl_5" custom="readingOrder {index:4;}">
                <Coords points="1292,1663 1325,1678 1358,1659 1410,1679 1434,1668 1530,1668 1579,1674 1607,1692 1663,1672 1663,1610 1625,1623 1594,1608 1567,1628 1529,1621 1505,1636 1327,1599 1292,1614"/>
                <Baseline points="1303,1655 1348,1658 1393,1658 1438,1658 1482,1658 1527,1658 1572,1658 1617,1658 1661,1661 1667,1661"/>
                <TextEquiv>
                    <Unicode>G GALADILHE</Unicode>
                </TextEquiv>
            </TextLine>
            <TextLine id="tr_1_tl_6" custom="readingOrder {index:5;}">
                <Coords points="324,1663 393,1687 482,1663 527,1685 620,1661 696,1690 738,1667 860,1688 900,1674 900,1621 802,1610 540,1630 374,1607 324,1630"/>
                <Baseline points="334,1658 378,1655 423,1655 468,1655 513,1655 557,1655 602,1655 647,1655 692,1655 736,1655 781,1655 826,1655 871,1655 904,1658"/>
                <TextEquiv>
                    <Unicode>B) Serenata Napolitana</Unicode>
                </TextEquiv>
            </TextLine>
            <TextLine id="tr_1_tl_7" custom="readingOrder {index:6;}">
                <Coords points="262,1754 649,1739 714,1765 751,1745 789,1750 789,1688 636,1705 594,1683 543,1703 496,1687 382,1685 327,1708 307,1688 262,1694"/>
                <Baseline points="271,1733 316,1733 361,1733 405,1733 450,1733 495,1733 540,1733 584,1733 629,1733 674,1733 719,1733 763,1736 793,1736"/>
                <TextEquiv>
                    <Unicode>3. Le Caïd (sélection)</Unicode>
                </TextEquiv>
            </TextLine>
            <TextLine id="tr_1_tl_8" custom="readingOrder {index:7;}">
                <Coords points="1283,1738 1330,1758 1374,1747 1392,1765 1434,1767 1454,1754 1610,1774 1674,1750 1674,1690 1632,1699 1570,1688 1521,1701 1487,1687 1456,1703 1434,1690 1390,1703 1325,1690 1283,1705"/>
                <Baseline points="1294,1736 1339,1736 1384,1736 1429,1736 1473,1736 1518,1736 1563,1736 1608,1736 1652,1736 1679,1739"/>
                <TextEquiv>
                    <Unicode>AMBR. THOMAS</Unicode>
                </TextEquiv>
            </TextLine>
            <TextLine id="tr_1_tl_9" custom="readingOrder {index:8;}">
                <Coords points="1300,1856 1339,1847 1356,1854 1369,1843 1387,1854 1396,1845 1419,1845 1436,1828 1472,1830 1487,1821 1519,1837 1538,1825 1558,1828 1556,1763 1478,1783 1430,1767 1418,1774 1399,1758 1367,1783 1327,1765 1298,1767"/>
                <Baseline points="1309,1811 1354,1814 1399,1814 1444,1814 1488,1814 1533,1814 1563,1816"/>
                <TextEquiv>
                    <Unicode>O. MÉTRA</Unicode>
                </TextEquiv>
            </TextLine>
            <TextLine id="tr_1_tl_10" custom="readingOrder {index:9;}">
                <Coords points="264,1825 373,1830 427,1812 485,1830 573,1816 651,1845 705,1841 740,1830 740,1772 687,1783 652,1763 585,1779 545,1765 463,1781 362,1767 320,1798 302,1779 264,1792"/>
                <Baseline points="274,1814 319,1814 363,1811 408,1811 453,1811 498,1811 543,1811 587,1811 632,1811 677,1811 722,1814 745,1814"/>
                <TextEquiv>
                    <Unicode>4. La vague (valse).</Unicode>
                </TextEquiv>
            </TextLine>
            <TextLine id="tr_1_tl_11" custom="readingOrder {index:10;}">
                <Coords points="872,1912 891,1916 938,1903 954,1917 987,1910 1034,1928 1045,1919 1080,1925 1101,1914 1121,1917 1120,1854 1098,1847 1078,1865 1063,1854 971,1868 909,1861 896,1872 871,1874"/>
                <Baseline points="880,1900 924,1894 969,1894 1014,1897 1059,1897 1103,1900 1124,1903"/>
                <TextEquiv>
                    <Unicode>2me PARTIE</Unicode>
                </TextEquiv>
            </TextLine>
            <TextLine id="tr_1_tl_12" custom="readingOrder {index:11;}">
                <Coords points="1287,2001 1347,2036 1465,2001 1498,2017 1536,2008 1552,2023 1578,2008 1678,2010 1678,1952 1650,1937 1621,1937 1594,1956 1570,1934 1539,1941 1483,1925 1405,1963 1287,1939"/>
                <Baseline points="1297,1993 1342,1996 1387,1996 1432,1998 1476,1996 1521,1996 1566,1998 1611,1996 1655,1998 1682,2001"/>
                <TextEquiv>
                    <Unicode>RICH. WAGNER</Unicode>
                </TextEquiv>
            </TextLine>
            <TextLine id="tr_1_tl_13" custom="readingOrder {index:12;}">
                <Coords points="258,2008 794,2014 794,1945 742,1941 716,1967 660,1941 643,1956 598,1939 571,1961 553,1948 516,1963 449,1939 420,1956 376,1941 331,1963 304,1936 258,1927"/>
                <Baseline points="268,1996 313,1996 358,1993 402,1993 447,1993 492,1993 537,1993 581,1996 626,1993 671,1993 716,1993 760,1993 799,1996"/>
                <TextEquiv>
                    <Unicode>5. Huldigungsmarsch</Unicode>
                </TextEquiv>
            </TextLine>
            <TextLine id="tr_1_tl_14" custom="readingOrder {index:13;}">
                <Coords points="262,2076 309,2097 400,2081 498,2097 556,2079 596,2096 631,2077 851,2094 851,2032 823,2027 709,2047 627,2025 540,2045 469,2028 403,2039 364,2017 320,2045 262,2030"/>
                <Baseline points="271,2070 316,2073 361,2070 405,2070 450,2070 495,2070 540,2070 584,2070 629,2070 674,2070 719,2070 763,2070 808,2073 853,2076 856,2076"/>
                <TextEquiv>
                    <Unicode>6. Ruy Blas (ouverture)</Unicode>
                </TextEquiv>
            </TextLine>
            <TextLine id="tr_1_tl_15" custom="readingOrder {index:14;}">
                <Coords points="1287,2083 1327,2092 1367,2076 1390,2090 1470,2083 1498,2096 1518,2085 1570,2103 1628,2081 1663,2114 1725,2101 1725,2028 1663,2041 1634,2019 1596,2045 1418,2027 1349,2037 1287,2016"/>
                <Baseline points="1297,2070 1342,2073 1387,2073 1432,2073 1476,2073 1521,2073 1566,2076 1611,2073 1655,2073 1700,2076 1730,2073"/>
                <TextEquiv>
                    <Unicode>F. MENDELSSOHN</Unicode>
                </TextEquiv>
            </TextLine>
            <TextLine id="tr_1_tl_16" custom="readingOrder {index:15;}">
                <Coords points="1281,2148 1399,2172 1425,2157 1449,2177 1547,2161 1594,2177 1621,2203 1665,2177 1665,2106 1630,2099 1570,2119 1518,2103 1450,2114 1403,2103 1365,2117 1301,2101 1281,2110"/>
                <Baseline points="1291,2145 1336,2148 1381,2148 1426,2151 1470,2151 1515,2151 1560,2151 1605,2151 1649,2151 1670,2151"/>
                <TextEquiv>
                    <Unicode>G. MEYERBEER</Unicode>
                </TextEquiv>
            </TextLine>
            <TextLine id="tr_1_tl_17" custom="readingOrder {index:16;}">
                <Coords points="265,2177 329,2148 454,2170 831,2154 961,2172 994,2168 994,2106 931,2088 863,2125 769,2092 625,2116 603,2099 573,2121 522,2101 264,2116"/>
                <Baseline points="274,2148 319,2148 363,2148 408,2145 453,2145 498,2145 543,2145 587,2148 632,2148 677,2148 722,2148 766,2148 811,2148 856,2148 901,2148 945,2148 990,2151 999,2151"/>
                <TextEquiv>
                    <Unicode>7. Séduction (scènes de ballet).</Unicode>
                </TextEquiv>
            </TextLine>
            <TextLine id="tr_1_tl_18" custom="readingOrder {index:17;}">
                <Coords points="383,2217 702,2217 769,2250 838,2219 1354,2234 1354,2170 1314,2159 1178,2185 549,2159 383,2186"/>
                <Baseline points="393,2207 438,2207 483,2207 528,2207 572,2207 617,2207 662,2207 707,2207 751,2207 796,2207 841,2207 886,2207 930,2207 975,2210 1020,2210 1065,2207 1109,2207 1154,2207 1199,2210 1244,2210 1288,2210 1333,2210 1357,2213"/>
                <TextEquiv>
                    <Unicode>A) Légèreté; B) Jeu; c) livresse; b) Amour; E) Finale.</Unicode>
                </TextEquiv>
            </TextLine>
            <TextLine id="tr_1_tl_19" custom="readingOrder {index:18;}">
                <Coords points="262,2301 304,2308 373,2292 393,2305 414,2290 534,2308 578,2292 620,2305 642,2288 678,2299 705,2286 705,2246 687,2243 656,2254 571,2230 453,2254 402,2232 347,2228 325,2246 300,2226 284,2241 262,2232"/>
                <Baseline points="271,2282 316,2282 361,2282 405,2282 450,2282 495,2282 540,2282 584,2279 629,2279 674,2279 710,2282"/>
                <TextEquiv>
                    <Unicode>8. Fête populaire</Unicode>
                </TextEquiv>
            </TextLine>
            <TextLine id="tr_1_tl_20" custom="readingOrder {index:19;}">
                <Coords points="1352,2301 1409,2297 1419,2305 1452,2294 1487,2314 1507,2299 1554,2315 1590,2299 1623,2314 1638,2299 1663,2301 1661,2239 1618,2232 1601,2241 1576,2228 1545,2236 1512,2210 1472,2248 1350,2245"/>
                <Baseline points="1362,2281 1408,2285 1453,2288 1497,2285 1542,2285 1587,2285 1632,2288 1667,2288"/>
                <TextEquiv>
                    <Unicode>ETER BENOIT</Unicode>
                </TextEquiv>
            </TextLine>
            <TextLine id="tr_1_tl_21" custom="readingOrder {index:20;}">
                <Coords points="467,2357 1399,2361 1416,2296 467,2306"/>
                <Baseline points="477,2342 522,2339 566,2339 611,2339 656,2339 701,2339 745,2339 790,2336 835,2339 880,2339 924,2339 969,2339 1014,2339 1059,2342 1103,2342 1148,2342 1193,2342 1238,2342 1282,2339 1327,2342 1372,2342 1417,2348 1420,2348"/>
                <TextEquiv>
                    <Unicode>(du drame lyrique « La Pacification de Gand »)</Unicode>
                </TextEquiv>
            </TextLine>
            <TextLine id="tr_1_tl_22" custom="readingOrder {index:21;}">
                <Coords points="380,2410 1690,2419 1690,2346 1601,2339 1536,2370 380,2348"/>
                <Baseline points="390,2389 435,2392 480,2392 525,2389 569,2389 614,2389 659,2389 704,2389 748,2389 793,2389 838,2389 883,2389 927,2389 972,2389 1017,2389 1062,2389 1106,2392 1151,2392 1196,2392 1241,2392 1285,2392 1330,2392 1375,2392 1420,2395 1464,2395 1509,2392 1554,2395 1599,2395 1643,2395 1688,2395 1694,2395"/>
                <TextEquiv>
                    <Unicode>Cortège des Nobles, des Gildes, des Chambres de Rhétorique avec leurs</Unicode>
                </TextEquiv>
            </TextLine>
            <TextLine id="tr_1_tl_23" custom="readingOrder {index:22;}">
                <Coords points="509,2454 553,2472 769,2448 831,2474 967,2448 1101,2483 1150,2446 1183,2448 1183,2405 509,2414"/>
                <Baseline points="519,2434 563,2437 608,2440 653,2437 698,2437 742,2437 787,2437 832,2437 877,2437 921,2437 966,2437 1011,2440 1056,2440 1100,2440 1145,2440 1187,2440"/>
                <TextEquiv>
                    <Unicode>“ pijpers » et fous. — Joie populaire.</Unicode>
                </TextEquiv>
            </TextLine>
            <TextLine id="tr_1_tl_24" custom="readingOrder {index:23;}">
                <Coords points="264,2643 1719,2644 1719,2584 1536,2570 1414,2604 264,2584"/>
                <Baseline points="274,2625 319,2625 363,2625 408,2625 453,2625 498,2625 543,2622 587,2622 632,2622 677,2622 722,2622 766,2625 811,2625 856,2625 901,2625 945,2625 990,2625 1035,2625 1080,2625 1124,2625 1169,2625 1214,2625 1259,2625 1303,2625 1348,2628 1393,2628 1438,2628 1482,2628 1527,2628 1572,2628 1617,2628 1661,2628 1706,2631 1724,2631"/>
                <TextEquiv>
                    <Unicode>Les Concerts-Militaires ont lieu tous les jours de 3 1/2 à 51/2 hs. de l’après-midi,</Unicode>
                </TextEquiv>
            </TextLine>
            <TextLine id="tr_1_tl_25" custom="readingOrder {index:24;}">
                <Coords points="420,2690 1672,2695 1719,2648 420,2654"/>
                <Baseline points="429,2673 474,2673 519,2673 563,2673 608,2673 653,2670 698,2673 742,2673 787,2670 832,2673 877,2670 921,2673 966,2673 1011,2673 1056,2673 1100,2676 1145,2676 1190,2676 1235,2676 1279,2676 1324,2676 1369,2676 1414,2676 1458,2676 1503,2676 1548,2676 1593,2676 1637,2676 1682,2676 1724,2676"/>
                <TextEquiv>
                    <Unicode>et, en outre, les Mardis à 8 hs. du soir ; les Concerts de Symphonie, les</Unicode>
                </TextEquiv>
            </TextLine>
            <TextLine id="tr_1_tl_26" custom="readingOrder {index:25;}">
                <Coords points="416,2739 1087,2739 1087,2703 1047,2684 416,2697"/>
                <Baseline points="426,2721 471,2721 516,2721 560,2721 605,2721 650,2721 695,2721 739,2721 784,2721 829,2721 874,2721 918,2721 963,2721 1008,2721 1053,2724 1089,2724"/>
                <TextEquiv>
                    <Unicode>Jeudis et Dimanches à 8 hs. du soir.</Unicode>
                </TextEquiv>
            </TextLine>
            <TextLine id="tr_1_tl_27" custom="readingOrder {index:26;}">
                <Coords points="258,2844 1192,2819 1269,2853 1638,2828 1638,2781 258,2786"/>
                <Baseline points="268,2810 313,2813 358,2813 402,2813 447,2810 492,2813 537,2813 581,2810 626,2813 671,2813 716,2813 760,2813 805,2813 850,2813 895,2813 939,2813 984,2813 1029,2816 1074,2816 1118,2816 1163,2816 1208,2813 1253,2816 1297,2813 1342,2816 1387,2813 1432,2813 1476,2813 1521,2813 1566,2816 1611,2816 1640,2816"/>
                <TextEquiv>
                    <Unicode>N.-B. —On ne pourra retenir sous aucun prétexte des places non occupées.</Unicode>
                </TextEquiv>
            </TextLine>
        </TextRegion>
    </Page>
</PcGts>
