2056 3270
476 195 1520 319 Société Royale de Zoologie d'Anvers
270 345 1721 431 ̃ ̃ *̃̃ r * * * „ „ * * - * *
425 440 1551 549 Jeudi 8 Septembre 1904, à 8 heures du soir
283 551 1730 785 Concert de Symphonie
360 772 1633 867 PAR L'ORCHESTRE DE LA SOCIÉTÉ
429 878 1564 973 sous la direction de M. accavant KEURVELS
933 964 1064 1091 xx
768 1075 1236 1201 programme
900 1181 1117 1301 1re PARTIE
1278 1279 1737 1352 C. M. VONWEBER
276 1278 836 1378 1. Préciosa (ouverture)
1278 1336 1624 1445 HANS HÜBER
266 1354 1119 1445 2. Römischer Carneval (Humoresk)
1281 1409 1511 1493 G. Bizet
270 1433 860 1513 3. A) Danse bohémienne.
1287 1476 1593 1568 Jos. GUNG'L
341 1496 863 1571 B) Elisabeth-Czardas.
1281 1555 1610 1657 J. MASSENET
274 1551 1090 1646 4. Esclarmonde (suite d'orchestre)
383 1604 1225 1728 A) Hyménée ; B) L’Ile magique ; c) Evocation
1265 1661 1363 1750 G.H.P.
881 1701 1135 1776 2me PARTIE
1285 1767 1663 1849 G MÈYERBEER
274 1778 734 1872 5. Schillermarsch.
1285 1840 1666 1929 JOH. SVENDSEN
276 1849 1002 1924 6. Rapsodie norvégienne (n° 2)
1290 1907 1630 2002 FR. SMETANA
276 1911 827 2006 7. Vltava (La Moldau)
369 1984 1425 2046 2me Poème symphonique du Cycle Ma Patrie
356 2009 1737 2093 Deux sources jaillissent dans la forêt ombragée de Bohême : l’une est
283 2080 1734 2130 chaude et bouillonnante ; l’autre fraîche et tranquille. Leurs ondes, en mur
279 2108 1745 2174 murant joyeusement dans les rochers, se réunissent et brillent aux rayons du
279 2155 1739 2216 soleil matinal. Traversant les contrées de la Bohême, le rapideille grossit et
279 2195 1734 2248 devient le fleuve Vitava. (la Moldau); il fuit à travers des forêts épaisses dans
279 2232 1743 2289 lesquelles on entend de plus en plus distinctement le joyeux passage d’une
279 2272 1741 2331 chasse et le son du cor ; il traverse des terres basses, riches en prairies, où l’on
285 2312 1739 2367 célèbre gaiment une noce par des chants et des danses. La nuit, les nymphes des
283 2345 1747 2402 forêts et des eaux s’ébattent dans les ondes qui étincellent au clair de lune et
288 2385 1734 2440 reflètent de nombreux châteaux-forts, témoins de la splendeur passée, de la
285 2425 1737 2487 chevalerie et de la gloire guerrière disparue. Le fleuve tourbillonne dans les
290 2462 1748 2524 rapides de Saint-Jean,bouillonne en cascades, et ses ondes écumantes se frayent
285 2504 1747 2550 violemment passage entre les parois du rocher, pour gagner le large lit dans
288 2537 1743 2597 lequel ils coulent, majestueux et tranquilles, devant Prague, au pied du vénérable
294 2588 787 2639 château-fort de Vysehrad.
370 2613 1743 2674 Puis, les flots disparaissent dans le lointain où le regard du Poète ne peut
297 2664 575 2728 plus les suivre.
1281 2692 1681 2779 RICH. WAGNER
285 2706 803 2796 8. Rienzi (ouverture).
285 2858 1736 2936 Les Concerts-Militaires ont lieu tous les jours de 3 1/2 à 51/2 hs. de l’après-midi,
442 2913 1737 2969 et, en outre, les Mardis à 8 hs. du soir; les Concerts de Symphonie, les
434 2956 1110 3008 Jeudis et Dimanches à 8 hs. du soir.
288 3015 1657 3084 N.-B. — On ne pourra retenir sous aucun prétexte des places non occupées.
