2056 3270
479 167 1616 307 Koninklijke Maatschappij van Dierkunde
828 283 1298 373 VAN ANTWERPEN
323 358 1770 452 kauppuudestoimin Uuodentuun kauppaa
422 450 1680 536 Donderdag 8 September 1904, te 8 uren ’s avonds
327 606 1693 773 Symonisen Concer
353 771 1750 881 DOOR HET ORKEST DER MA�TSCHAPPIJ
479 874 1609 960 onder de leiding van M. EDWERD REURVLS
995 942 1105 1063 &C
801 1067 1269 1188 programma
970 1201 1131 1278 1e DEEL
318 1263 946 1359 1. Preciosa (openingstuk)
1326 1263 1783 1361 C. M. VONWEBER
318 1346 1170 1421 2. Römischer Carneval (Humoresk)
1322 1344 1653 1441 HANS HÜBER
1326 1412 1564 1502 G. Bitzet
314 1412 896 1497 3. A) Boheemsche dans
380 1487 905 1561 B) Elisabeth-Czardas.
1322 1478 1632 1561 Jos. GUNG’L
314 1544 1021 1634 4. Esclarmonde (orkestsuite)
1317 1555 1638 1651 J. MASSENET
432 1607 1317 1697 A) Bruiloft ; B) Het Toovereiland ; c) Aanroeping
968 1680 1146 1777 2e DEEL
312 1752 764 1847 5. Schillermarsch.
1329 1752 1699 1851 G. MEYERBER
312 1838 1021 1912 6. Noordsche rhapsodie (nr 2)
1326 1842 1704 1923 JOH. SVENDSEN
1331 1899 1665 1987 FR. SMETANA
321 1908 863 2000 7. Vltava (De Moldau)
408 1954 1675 2040 2de symfonisch gedicht uit den Cyclus Mijn Vaderland
391 2022 1776 2084 Twee bronnen ontspringen den bodem van het lommerrijke Boheemsche
318 2077 1768 2130 woud ; de eene horrelt ziedend op, bruist en schuimt ; de andere, helder en
308 2108 1776 2161 frisch, vliet stil verder. Vroolijk murmelend langs de rotsen, vereenigen zich
312 2147 1735 2194 hunne wateren tot eenen stroom, tintelend onder de stralen der ochtendzon.
314 2192 1772 2235 Naarmate hij door de streken van Bohemen kronkelt, zwelt de snelle stroom en
312 2227 1770 2273 wordt Vitava (de Moldau); door dichte bosschen jolft hij, en langs zijne zoomen
318 2268 1768 2308 weerklinkt luid en luider het opwekkend getoet van den jachthoorn; door de lage
308 2304 1770 2356 landen schiet hij voort, langs weelderige weiden en beemden, waar bruiloft
312 2347 1761 2389 wordt gevierd bij zang en dans. Des nachts komen lustige woud- en waternim
312 2380 1770 2433 fen zich vermeien in den klaren, breeden plas, die glinstert in den maneschijn
312 2424 1770 2475 en de talrijke burchten weerspiegelt, getuigen van verleden pracht, ridderspel
303 2470 1770 2510 en krijgsroem. De polven koken en bruisen in de St-Janskolken, bulderen in de
312 2503 1770 2549 watervallen, en de wilde vloed breekt zich met geweld eenen weg tusschen de
308 2538 1770 2584 eeuwenoude rotswanden, om de wijde bedding te genaken, waarin hij, fier en
303 2582 1776 2635 statig. Praag begroet, stroomend voorhij het eerbiedwaardig slot Vysehrad, dat
305 2624 1654 2674 hem verwelkomt. Dan verdwijnt hij in de verte voor het oog des Dichters.
1315 2664 1695 2753 RICH. WAGNER
307 2664 858 2751 8. Rienzi ( openingstuk)
297 2820 1759 2883 De Militaire-Concerten hebben dagelijks plaats van 3 1/2 tot 5 1/ 2 uren ’s namid¬
465 2879 1759 2923 dags en, daarenboven. ’s Dinsdags om 8 uren’s avonds; de Symfonische
465 2916 1491 2969 Concerten op Donderdag en Zondag te 8 uren ’s avonds.
294 2986 1761 3037 N-B.— Niet ingenomen plaatsen mogen onder geen voorwendsel voorbehouden
457 3030 621 3089 worden.
1006 3067 1671 3145 Drukk. F. Janssens-Anthonis. — Antwerpen.
