2056 3270
443 325 1480 441 Société Royale de Zoologie d'Anvers
230 426 1689 528 ̃ 1 ̃  ==================̃
328 550 1580 655 Dimanche 11 Septembre 1904, à 8 heures du soir
248 671 1699 900 Concert de Symphonie
336 907 1611 999 PAR L’ORCHESTRE DE LA SOCIÉTÉ
395 1018 1531 1099 sous la direction de M. EDWERD REURVELS
903 1101 1021 1219 &C
733 1212 1212 1340 programme
867 1340 1096 1433 1 r. PARTIE
1329 1427 1632 1527 F. HÉROLD
238 1431 767 1538 I. Zampa (ouverture)
1337 1498 1696 1614 R. EILENBERG
238 1529 718 1623 2. a) Garde-Parade.
1344 1591 1589 1696 E. TAVAN
303 1623 776 1712 b) Chants magyars
1335 1709 1665 1776 J. MASSENET
238 1705 816 1803 3. Hérodiade (sélection)
1339 1785 1656 1877 P. CARONNA
243 1796 753 1888 4. Parisienne (valse)
854 1872 1108 1961 2me PARTIE
1339 1957 1649 2057 H. LITOLFF
248 1970 1173 2071 5. Maximilien Robespierre (ouverture)
1335 2055 1674 2146 LÉO IELIBES
256 2057 1170 2131 6. Coppélia (suite d'orchestre extraite du ballet)
404 2118 1355 2195 a) Thème slave varié ; b) Fête et Valse des Heures ;
410 2178 1297 2260 c) Musique des Automates et Valse ; d) Czardas.
1348 2247 1672 2331 CH. GOUNOD
248 2247 798 2349 7. Hymne à Ste-Cécile
415 2309 1021 2420 Violon-solo : M. Edm. De Herdt.
1344 2381 1716 2459 EM. CHABRIER
252 2378 782 2492 8. Espaùa (rapsodie)
258 2521 1716 2614 Les Concerts-Militaires ont lieu tous les jours de 3 1/2 à 51/2 hs. de l'après-midi,
415 2599 1716 2661 et, en outre, les Mardis à 8 hs. du soir; les Concerts de Symphonie, les
415 2648 1085 2708 Jeudis et Dimanches à 8 hs. du soir.
267 2722 1638 2777 N.-B. — On ne pourra retenir sous aucun prétexte des places non occupées.
297 2770 1714 2839 Du 3 décembre 1904 au 9 Janvier 1905 : Exposition Internationale d'Affiches
270 2831 1714 2898 christiques, Cartes postales illustrées, Timbres-postes, Chromos en tous genres.
274 2880 1190 2958 Images, Cartes à jouer et tous articles de réclame.
