2056 3270
461 321 1484 455 Société Royale de Zoologie d'Anvers
247 455 1699 599 ̃ 1 1 1/2 ̃ + — 1  ==================
401 599 1533 726 Jeudi 15 Septembre 1904, à 8 heures du soir
256 742 1709 945 Concert de Symphonie
325 950 1612 1036 PAR L'ORCHESTRE DE LA SOCIÉTÉ
401 1052 1542 1173 sous la direction de M. EDMARD REURVELS
907 1146 1030 1293 &C
735 1261 1215 1426 programme
871 1420 1101 1516 1re PARTIE
239 1509 809 1614 I. Marche de réception
1288 1514 1598 1607 RUP. CHAPI
1281 1600 1672 1705 EDVARD GRIEG
243 1607 836 1705 2. Danses symphoniques
1288 1692 1621 1777 G. SGAMBATI
243 1701 546 1785 3. Serenata
1284 1781 1620 1877 H. VAELPUT
247 1783 872 1897 4. Agneessens (ouverture)
858 1872 1112 1972 2me PARTIE
1288 1968 1663 2075 PETER BENOIT
252 1981 678 2079 5. Isa (ouverture)
1293 2059 1558 2166 H. CAMPo
248 2077 548 2164 6. Rêverie
1290 2153 1714 2254 FLOR. ALPAERTS
252 2155 1021 2264 7. Psyché (poème symphonique)
1293 2247 1699 2352 AUG. DE BOECK
256 2242 807 2343 8. Marche inaugurale
256 2410 1707 2488 Les Concerts-Militaires ont lieu tous les jours de 3 1/2 à 51/2 hs. de l’après-midi,
410 2476 1707 2548 et, en outre, les Mardis à 8 hs. du soir ; les Concerts de Symphonie, les
410 2528 1076 2592 Jeudis et Dimanches à 8 hs. du soir.
256 2617 1625 2670 N.-B. — On ne pourra retenir sous aucun prétexte des places non occupées.
299 2675 1707 2744 Du 3 décembre 1904 au 9 Janvier 1905 : Exposition Internationale d'Affiches
248 2733 1707 2804 assistiques, Cartes postales illustrées, Timbres-postes, Chromos en tous genres,
261 2782 1195 2884 Images, Cartes à jouer et tous articles de réclame.
