2056 3270
521 344 1551 470 Société Royale de Zoologie d’Anvers
297 495 1760 607 ̃ 1 ̃ r * r * * * „ „ * *
398 597 1653 700 Dimanche 18 Septembre 1904, à 8 heures du soir
306 740 1832 940 coheert de Symphonie
382 947 1670 1037 PAR L’ORCHESTRE DE LA SOCIÉTÉ
455 1041 1598 1130 sous la direction de M. accavo KEURVELS
970 1130 1107 1263 R
791 1250 1271 1387 programme
927 1383 1155 1471 1re PARTIE
1263 1482 1627 1560 GABR.ALLIER
297 1480 868 1573 I. Marche républicaine
1269 1551 1684 1646 W. V. WALLACE
291 1562 841 1649 2. Loreley (ouverture)
1265 1638 1551 1722 G. RossINI
302 1630 1138 1741 3. A) Stabat Mater (Cujus animam)
1271 1708 1602 1786 G. MICHIELS
356 1705 772 1790 B) Czardas n° I.
1275 1777 1769 1866 VICTOR E. NESSLER
293 1785 1103 1883 4. Der Trompeter von Säkkingen
498 1849 746 1929 (sélection)
904 1933 1162 2007 2me PARTIE
1267 2024 1653 2098 G. MEYERBEER
299 2024 849 2108 5. Dinorah (ouverture).
297 2100 1235 2186 6. Milenka (suite d'orchestre extraite du ballet)
1271 2102 1581 2182 JAN Blockx
415 2165 1522 2232 A) Kermesse ; B) Danse des sabots ; c) Entrée des étudiants;
415 2207 1355 2285 b) Scène d’amour; E) Entrée des Zingaris et finale.
299 2268 772 2351 7. Jota Åragonesa
1273 2256 1577 2351 IW.13Lernk
297 2348 708 2443 8. Torero (valse)
1273 2342 1701 2449 S. TRANSIATEUR
299 2515 1758 2582 Les Concerts-Militaires ont lieu tous les jours de 3 1/2 à 51/2 hs. de l’après-midi,
451 2570 1756 2618 et, en outre, les Mardis à 8 hs. du soir; les Concerts de Symphonie, les
464 2610 1132 2660 Jeudis et Dimanches à 8 hs. du soir.
297 2679 1670 2732 N.-B. — On ne pourra retenir sous aucun prétexte des places non occupées.
339 2722 1764 2785 Du 3 décembre 1904 au 9 Janvier 1905 : Exposition Internationale d'Affiches
297 2768 1756 2839 artistiques, Cartes postales illustrées, Timbres-postes, Chromos en tous genres,
297 2820 1218 2901 Images, Cartes à jouer et tous articles de réclame
