2056 3270
465 264 1501 372 Société Royale de Zoologie d’Anvers
254 400 1709 498 ̃ 1 ̃  ==================̃
417 507 1540 599 Jeudi 22 Septembre 1904, à 8 heures du soir
269 592 1717 811 Concert de Symphonie
348 824 1632 913 PAR L'ORCHESTRE DE LA SOCIÉTÉ
417 913 1558 1016 sous la direction de M. accavo KEURVELS
916 992 1038 1099 xx
747 1114 1228 1241 programme
885 1243 1110 1315 1re PARTIE
258 1326 745 1403 I. Marche festivale.
1287 1320 1619 1409 JUL. SCHREY
1291 1398 1525 1473 G. BιZET
254 1386 1123 1468 2. Jeux d'Enfants (suite d’orchestre)
376 1451 1510 1516 A) Marche (Tambour et Trompette) ; B) Berceuse (La Poupée) :
374 1501 1528 1560 c) Impromptu (la Toupie) ; n) duo (Petit Mari, Petite Femme) ;
369 1541 690 1602 E) Galop (le Bal)
258 1593 738 1670 3. Valse de concert.
1292 1591 1641 1670 K. HANSSENS
254 1670 1009 1750 4. Iwan Soussanine (ouverture)
1291 1652 1604 1744 IW. Glimka
863 1740 1104 1816 2me PARTIE
249 1814 929 1906 5. En Automne (ouverture)
1292 1809 1613 1905 EDV. GRIEG
258 1888 1125 1975 6. De Schelde (prélude de l'oratorio)
1298 1888 1680 1980 PETER BENOIT
489 1953 1069 2023 Soir d'été aux bords de l'Escaut
243 1991 1722 2098 7. La Reine de Saba (fragments de l’opéra) CARL VOLDMARK
384 2074 964 2118 I. Nocturne et musique de fête
369 2104 1031 2176 II. Ballet : A) Danse des Bayadères
572 2152 1304 2203 B) La Danse des abeilles par les Almées
732 2183 1468 2268 Violoncelle-solo : M. Jos. Van der Avort
577 2224 872 2295 c) Danse finale.
249 2277 682 2360 8. Marche arabe
1291 2266 1696 2369 AUG. DE BOECK
254 2432 1713 2498 Les Concerts-Militaires ont lieu tous les jours de 3 1/2 à 51/2 hs. de l’après-midi,
417 2487 1711 2557 et, en outre, les Mardis à 8 hs. du soir; les Concerts de Symphonie, les
413 2522 1075 2572 Jeudis et Dimanches à 8 hs. du soir.
254 2600 1626 2649 N.-B. — On ne pourra retenir sous aucun prétexte des places non occupées.
297 2638 1717 2708 Du 3 décembre 1904 au 9 Janvier 1905 : Exposition Internationale d’Affiches
253 2686 1707 2745 christiques. Cartes postales illustrées, Timbres-postes, Chromos en tous genres,
254 2725 1173 2812 Images, Cartes à jouer et tous articles de réclame.
