2056 3270
485 339 1529 461 Société Royale de Zoologie d'Anvers
276 478 1725 571 (3,3)3. außerittelang.
434 569 1571 655 Jeudi 29 Septembre 1904, à 8 heures du soir
274 685 1803 921 Concert de Symphonie
354 889 1635 990 PAR L'ORCHESTRE DE LA SOCIÉTÉ
428 992 1563 1091 sous la direction de M. accavo KEURVELS
935 1083 1049 1207 w.
763 1186 1230 1327 programme
885 1333 1110 1405 1re PARTIE
261 1376 746 1474 I. Memliac-Marsch.
1228 1401 1576 1498 H. VAELPUT
261 1474 927 1569 2. Donna Diana (ouverture)
1234 1481 1633 1578 E. N. REZNICER
259 1548 893 1643 3. Don Giovanni (sélection)
1234 1553 1611 1658 W. A. MoZART
367 1618 899 1694 Flûte-solo : M. Hipp. Vinck.
255 1675 676 1793 4. Valse joyeuse.
1222 1696 1612 1814 EM. WAMBACH
870 1774 1110 1860 2me PARTIE
259 1847 1041 1942 5. Benvenuto Cellini (ouverture)
1222 1845 1670 1959 HECTOR BERLIOZ
255 1936 807 2012 6. Scènes pittoresques.
1218 1934 1550 2035 J. MASSENET
366 2003 1443 2098 A) Marche ; r) Ai de danse ; c) Angelus ; b) Fête bohême.
263 2075 598 2147 7. Romanza
1218 2069 1603 2186 JOH. SVENDSEN
379 2126 979 2214 Violon-solo: M. Edm. De Herdt
253 2201 920 2290 8. Leonore-Ouvertüre (n° 3)
1215 2186 1704 2319 L. VAN BEethoven
249 2340 1717 2452 Dimanche 2 octobre, à 3 1/2 hs. de l'aprés-midi, pour la clôture des auditions
409 2404 1401 2475 d’été : Concert par la Société de Fanfares des Douanes.
253 2513 1710 2595 Les Concerts-Militaires ont lieu tous les jours de 3 1/2 à 51/2 hs. de l'après-midi,
407 2566 1711 2629 et, en outre, les Mardis à 8 hs. du soir; les Concerts de Symphonie, les
402 2602 1070 2661 Jeudis et Dimanches à 8 hs. du soir.
255 2667 1618 2739 N.-B. — On ne pourra retenir sous aucun prétexte des places non occupées.
289 2711 1710 2795 Du 3 décembre 1904 au 9 Janvier 1905 : Exposition Internationale d’Affiches
247 2755 1710 2861 christiques, Cartes postales illustrées, Timbres-postes, Chromos en tous genres,
249 2804 1167 2867 Images, Cartes à jouer et tous articles de réclame.
