2056 3270
500 325 1630 422 Koninklijke Maatschappij van Dieckunde
847 422 1316 518 VAN ANTWERPEN
345 507 1788 597 ( wenn Nachrichtskorterukirkeit)
425 582 1719 701 Donderdag 29 September 1904, te 8 uren ’s avonds
1246 735 1785 891 Concer
345 681 1188 889 Symfonisch
951 909 1038 971 was
378 914 1774 998 DOOR HET ORKEST DER MAATSCHAPPIJ
509 1013 1632 1088 onder de leiding van M. EDWERD.KEURVELS
1017 1082 1122 1190 xx
965 1208 1163 1276 liches
818 1183 975 1299 Pro
965 1208 1292 1321 gramma
1000 1321 1172 1385 1e DEEL
1314 1389 1659 1480 H. VAELPUT
349 1376 840 1484 I. Memline-Marsch.
1312 1462 1732 1559 E. N. REZNICEK
332 1473 1042 1560 2. Donna Diana (openingstukl
345 1551 1064 1637 3. Don Giovanni (bloemlezing)
1329 1559 1692 1653 W. A. MoZART
453 1619 995 1703 Fluit-solo : H. Hipp. Vinck.
339 1695 779 1778 4. Vroolijke wals
1318 1670 1699 1779 EM. WAMBACH
993 1770 1166 1849 2e DEEL
352 1843 1155 1944 5. Benvenuto Cellini (opingstuk
1318 1841 1763 1934 HECTOR BERLIOZ
349 1936 922 2020 6. Landelijke tooneelen
1318 1920 1648 2020 J. MASSENET
464 2000 1553 2079 A) Marsch ; B) Danswijze ; c) Angelus ; D) Boheemsch feest.
349 2079 703 2152 7. Romanza
1323 2064 1708 2170 JOH. SVENDSEN
464 2132 1040 2210 Viool-solo : H. Edm. De Herdt.
339 2192 1024 2300 8. Leonore-Ouvertüre (nr 3)
1323 2197 1807 2287 L. VAN BEethoven
339 2307 1798 2393 Zondag 2 October, te 3 i/e uren ’s namiddags, voor het sluiten der zomer
500 2376 1644 2453 feesten : Concert door de Maatschappij « Fanfare des Douanes.»
345 2482 1803 2548 De Militaire-Concerten hebben dagelijks plaats van 3 1/2 tot 51/2 uren ’s namid¬
506 2533 1809 2581 dags en, daarenboven. ’s Dinsdags om 8 uren’s avonds; de Symfonische
509 2571 1535 2617 Concerten op Donderdag en Zondag te 8 uren ’s avonds.
345 2644 1809 2716 N-B.— Niet ingenomen plaatsen mogen onder geen voorwendsel voorbehouden
506 2679 661 2738 worden.
392 2727 1809 2792 Van 3 December 1904 tot 9 Januari 1905 : Wederlandsche Tentoonstelling van
350 2765 1809 2829 Kunstplakkaarten, Postkaarten, Postzegels, Kleurdrukwerken in allen aard,
352 2818 1484 2865 Beeldjes, Speelkaarten en alles wat dienstig is tot de reklaam.
1055 2867 1723 2942 Drukk. F. Janssens-Anthonis. — Antwerpen.
