2056 3270
549 528 1743 628 Société Royale de Zoologie d'Anvers
741 784 1566 868 3 Novembre 1904, à 8 heures du soir
539 888 1796 1101 Concert Extraordinaire
899 1099 1415 1183 consacré aux œuvres d’
792 1228 1513 1367 Edward Grieg
971 1388 1336 1480 avec le concours de
512 1496 1786 1627 Madame M. Soetens-Flament et Mlle Virginie Verhesen,
1023 1635 1279 1712 cantatrices,
876 1708 1391 1815 M. Arthur De Greef,
528 1827 1759 1921 pianiste, professeur au Conservatoire Royal de Bruxelles,
793 1894 1489 2019 M. Louis De Backer, baryton
744 1996 1540 2113 et du Chœur Mixte de la Société
558 2127 1726 2241 sous la direction de M. Edward KEURYELS.
1045 2291 1255 2460 955
1136 2581 1905 2705 programme imprimé par F. Janssens-Anthonis, Anv.
