2056 3270
557 728 1191 848 PROGRA MME
233 880 834 966 1. En Automne (ouverture)
227 972 803 1045 2. A la Porte du Cloître
329 1029 1427 1104 (pour Soli, Chœur de Femmes, Orgue et Orchestre)
388 1088 1003 1172 Sopiano solo : Meie V. Verwesen
388 1155 1138 1230 Alto solo: Mme M. SOETENS-FLAMENT
234 1237 1023 1315 3. Concerto pour piano etennestre
329 1299 814 1374 a) allegro moderato ;
329 1362 584 1441 b) Adagio;
329 1435 770 1509 c) allegro marcato.
236 1494 553 1577 Mr A. De Gmer
238 1559 696 1647 4. Nouvelle Patrie
289 1619 1537 1703 (pour Baryton solo, Chœur d'Hommes, Orgue et Orchestre)
393 1688 1147 1779 Le solo de baryton par M. L. DE Backer
335 1770 694 1849 a) Springdans
332 1835 786 1927 b) Feuille d'Album
340 1891 1116 2004 c) Marche nuptiale norwégienne
239 1970 564 2052 M. A. DE GREEF
244 2043 706 2124 6. Olav Trygvason
343 2085 1534 2189 (scène du drame inachevé de Björnstjerne Björnson,
346 2178 1157 2250 pour Soli, Chœur Mixte et Orchestre)
401 2240 1542 2312 Les soli par M. L. DE Backer, Mme M. SOETENS-FLAMENT
405 2299 823 2389 et Melle V. VerhESEN.
363 2409 1433 2470 Mercredi 11 Novembre : Concert avec le concours de
579 2459 1222 2532 Melle Corinne Corin, Violoniste.
