2056 3270
971 527 1636 606 A la Porte du Cloître
771 718 1772 772 « Qui trouble si tard le repos du Saint lieu? »
771 768 1587 825 « Pauvre fille au cœur malheureux. »
776 815 1839 876 « De tous tes chagrins, mon enfant, fais l’aveu. »
771 864 1585 929 « Ah! mon sort fut par trop affreux!
917 909 1435 978 Des maux que j'endure,
914 959 1383 1020 O ciel! délivrez-moi,
914 1008 1411 1084 Car mon âme est pure,
910 1055 1317 1124 Elle a gardé la foi.
772 1112 1595 1181 Ouvrez! Ouvrez! Et qu'à tout jamais
910 1155 1346 1228 Je trouve la paix! »
763 1280 1638 1367 « Quel est le pays d’où le sort t’exila? »
759 1359 1574 1415 « C'est le Nord, la terre des frimas. »
762 1402 1636 1475 « Vers cette retraite qui guida tes pas? »
759 1451 1387 1504 « C’est le chant de l’Alléluia.
914 1500 1326 1562 La sainte harmonie
901 1550 1336 1618 Console mon cœur,
902 1599 1320 1666 Et fait que j’oublie
902 1644 1381 1716 Souffrance et douleur.
763 1693 1581 1777 Ouvrez! Ouvrez! Et qu'à tout jamais
896 1750 1333 1822 Je trouve la paix! »
753 1884 1781 1966 « Ainsi tu veux fuir pour toujours ton pays? »
755 1946 1564 2002 « De ces murs accordez-moi l'abri. »
751 1993 1634 2054 « As-tu donc perdu ton père, ton ami? »
747 2037 1480 2121 « L’un et l’autre me furent ravis.
896 2095 1407 2161 Et tout ce que l’on rève
889 2137 1414 2206 D’amour et de bonheur,
898 2188 1394 2255 Le destin l’a sans trève
890 2239 1394 2307 Arraché de mon cœur.
746 2287 1578 2356 Ouvrez! Ouvrez! Et qu’à tout jamais
886 2333 1321 2413 Je trouve la paix! »
