2056 3270
501 720 1249 788 Voor de Kloosterpoort
294 876 1359 951 „ Wie klopt hier zoo laat aan de kloosterpoort? »
294 927 1174 980 » Arm een meisjen uit vreemde streek! »
302 982 1420 1030 „ Wat hebt gij geleên? Welke daad joeg u voort? „
302 1017 1147 1096 „ Smart, waaronder mijn hart bezweek
443 1072 993 1132 Doch niets heb ik gedaan,
443 1121 1064 1185 dat mij kon doen verachten.
448 1168 1025 1232 Ach, wees met mij begaan,
443 1218 908 1282 mij falen de krachten.
299 1253 1284 1335 Doe open! Doe open! en gun mij een plaats.
454 1312 1065 1390 waar ’k rust vinde, helaas! »
299 1464 1342 1519 » Hoe noemt men het land, dat gij ontvloodt? »
299 1512 1184 1565 » Noordland heet het, hoe ver, hoena! »
299 1541 1391 1628 » Wat dreef u bij nacht naar hier in uwen nood? »
299 1610 932 1663 » ’t Hartebeurend Halleluja!
454 1654 962 1721 Het was of in mijn ziel,
457 1703 939 1766 bij ’t hooren dier bede,
454 1749 891 1814 de hemelbalsem viel
460 1801 1040 1866 van nooit gekenden vrede...
302 1838 1235 1920 Doe open! Doe open! Dien vrede hebt gij,
454 1897 947 1969 o, geef hem ook mij! »
302 2044 1416 2117 » Vertrouw mij uw lijden, zeg me alles, mijn kind! »
315 2096 1181 2147 » ’k Smeek om rust u, om rust alleen! »
312 2139 1409 2214 „ Verloort gij uw vader? Verloart gij Uw vrind?»
312 2199 1062 2260 » Bittre tranen ik om beiden ween
461 2243 1005 2310 Al wat ik minde op aarde
464 2293 1036 2355 voor immer mij ontnomen,
461 2342 886 2405 verloren voor altoos
457 2391 1078 2454 mijn schoone liefdedroomen!
315 2438 1348 2494 Doe open! Doe open! Mijn hart doet zoo zeer!
461 2493 1021 2564 Ik kan haast niet meer! »
