2056 3270
269 657 1312 723 „ Uw vader, hoe kwam ’t dat gij hem verloort? »
269 712 1115 766 » Moord trof hem, en ik zag het aan! »
272 771 1326 823 „ Uw vriend. hoe kwam ’t dat gij hem verloort? »
269 811 1094 864 „ Hij versloeg hem, en ’k zag het aan?
418 857 1096 915 Toen sloot hij me aan zijn hart,
412 908 1171 964 niet luisterend naar mijn kermen....
415 956 971 1018 Schier raadloos van smart
411 1002 1164 1067 ontscheurde ik me aan zijn armen!
263 1043 1392 1109 Doe open! Doe open! Ik min hem, hoor mij toch!
412 1103 988 1171 Ik min hem immer nog! »
400 1205 1293 1288 Koor van Nonnen uit de verlichte kerk
556 1330 1094 1416 Ween hier, Gods bruid,
549 1388 908 1447 uwe tranen uit!
556 1440 1042 1502 Kom kind der smart,
552 1486 904 1551 aan Jezus' hart!
556 1530 1080 1602 Stijgt, vliedende zorgen,
556 1583 887 1651 tot Horeb’s top
552 1628 1078 1710 ten hoopvollen morgen
556 1679 978 1752 stijgt jubelend op!
556 1782 1094 1856 Droog hier uwe wangen,
556 1851 1085 1916 vervuld is ’t verlangen;
566 1894 1019 1959 verzwonden, vergeten
549 1940 1037 2001 zielswonden en veeten.
563 1989 1099 2051 Verklaart zult gij zweven
562 2037 1011 2100 uit 't heidensche juk,
556 2089 974 2151 in ’t eeuwige leven,
555 2134 892 2208 het rein geluk!
711 2196 1368 2273 Gedicht van Bjö RNSTIERNE BjörNSON.
639 2272 1444 2328 (Nederlandsche tekst van EDWARD Krurvels)
