2056 3270
1033 770 1544 856 Nouvelle Patrie
695 870 1314 954 Olaf, on s’en souvient encor,
698 933 1316 1008 Voguait sur la mer du Nord,
692 985 1420 1050 En quête d’un nouveau royaume,
701 1035 1172 1101 En quête d’un trésor!
695 1076 1305 1145 Soudain, couvert d’un dôme
692 1139 1714 1201 D’épais brouillards, se dresse un noir fantôme!
692 1217 1348 1297 Où sont, ô roi, tes rêves d'or?
692 1280 1192 1347 Sol ingrat, inhabitable,
698 1323 1292 1392 La rive semble inabordable,
692 1379 1216 1432 Sombre comme la mort.
692 1416 1646 1504 Mais la brume se déchire, dans l’air limpide
692 1471 1264 1552 L’Alpe apparait splendide.
695 1573 1363 1648 tableau superbe et merveilleux
692 1623 1367 1688 Montant de la terre aux cieux!
695 1682 1441 1761 Ah! l’on dirait brillantes coupoles
692 1727 1273 1793 Qui dans l’azur s’envolent.
692 1783 1269 1840 On voit au loin, sublimes,
695 1827 1713 1907 Se dresser des grands Monts les blanches cîmes.
691 1914 1238 1996 Sur le rivage mille fleurs,
694 1971 1360 2042 Partout des ruisseaux jaseurs ;
694 2026 1396 2099 La mer aux vagues mugissantes,
695 2074 1876 2140 Et dans les bois rêveurs, l'orgue aux voix murmurantes.
685 2111 1394 2204 Le roi dit tout bas, l’âme saisie :
692 2165 1142 2252 « C'est ma patrie! »
692 2249 1302 2342 « C’est ici que je contemple,
691 2317 1295 2396 Les assises de mon temple ;
691 2367 1244 2433 C’est ici que de mon âme
692 2412 1332 2481 Doit brûler la sainte flamme!
691 2470 1423 2539 Comme les rocs qui me dominent,
685 2509 1225 2581 Ma foi-reste inébranlable
686 2558 1386 2642 Et pure, aux glaciers semblable,
691 2614 1414 2705 Que les cieux seuls illuminent! »
