2056 3270
831 585 910 670 8
600 748 1106 855 Landerkenning
176 920 1428 999 Daar stevende Olav Trygvason over Noordland’s wilde zee.
184 974 1428 1048 wijd naar de jonge Koningslanden, bloeiend in stillen vreê
374 1017 997 1090 Toen hij ze ver zag heevlen :
277 1064 1338 1143 « Wat stijgt ginder omhoog als zware neevlen? »
179 1230 1525 1316 Daar stevende Olav Trygvason. Ongenaakbaar scheen het land,
176 1292 1450 1358 en al de stoute koningsdroomen gingen te loor aan ’t strand,
362 1329 992 1393 toen plots een bard den volke
270 1369 1225 1458 blanke bergtoppen toonde in blauwe wolken.
173 1534 1507 1634 Daar stevende Olav Trygvason. Eensklaps rijzen voor zijn oog
174 1606 1375 1688 aloude trotsche tempelmuren, sneeuwitte koepels hoog.
362 1644 1007 1716 Hem is de wensch te machtig,
265 1698 1172 1775 met de zijnen te staan in land zoo prachtig
173 1842 1375 1928 ’t Lag daar gespreid in lentetooi : watervallen zonder tal,
169 1891 1437 1985 bruisende meren, bloemengaarden, wouden vol blij geschal.
365 1956 947 2015 Orgels en klokken klonken,
260 1998 1157 2087 en de Koning sprak, in droom verzonken :
360 2179 1081 2255 « Heilige gronden hier gevonden,
357 2228 1157 2312 laat u van Gods woord doordringen!
362 2278 982 2345 Zielen streven, harten beven.
365 2328 1053 2392 hier des Hoogsten lof te zingen!
365 2380 1128 2462 Moge, als d’ijsberg, vast zich vesten
372 2426 1026 2494 ’t rein geloot in dees gewesten!
355 2474 1086 2546 Land van vrijdom, stijg omhooge,
357 2521 1170 2608 slechts vervuld van God, den Hooge. »
