2056 3270
737 700 1300 791 Où resplendit ta présence,
742 765 1421 825 Dieu, vers toi le cœur s’élande ;
749 814 1403 887 Oui, c’est là que de notre âme
745 861 1367 929 Doit brûler la sainte flamme.
745 907 1505 988 Comme les rocs qui nous dominent
739 959 1271 1032 La foi reste inébranlable
734 1007 1431 1077 Et pure, aux glaciers semblable,
739 1060 1409 1136 Que les cieux seuls illuminent!
1411 1146 1850 1201 BJÖNSTJERNE BjörNSON.
1260 1186 1919 1287 (texte français de VICTOR WILDER.)
978 1517 1530 1611 Olav Trygvason
638 1657 1898 1722 Un descendant d’Harald Haarfager, le premier roi de
591 1702 1896 1766 Norvège, fut élevé à la Cour de Russie (à Gardarike). Il fut
591 1761 1883 1816 baptise en Angleterre, durant une expéditon des Vikings
591 1813 1886 1867 Lorsqu’il apprit que les Norvégiens étaient mécontents de
592 1860 1885 1920 leur souverain (qui sortait d’une antique branche de sa race),
592 1914 1896 1966 il conçut le dessein de conquérir sa patrie et de convertir son
599 1961 1886 2025 peuple au christianisme. Richement doué par la nature, très
592 2007 1886 2065 supérieur à ses fontemporains, par l’intelligence aussi bien
591 2060 1891 2126 que par la statue, il était si beau que nul ne se rappelait
591 2108 1886 2178 d’avoir vu son pareil. Aussi, durant tout le moyen-âge, fut-il
588 2156 1890 2210 vanté comme la plus haute personnification de sa race. Ses
584 2212 1886 2256 conquêtes, il les dut à son ascendant individuel, plus encore
592 2256 1881 2313 qu’à son épée. C’est seulement au pays de Drontheim qu’il se
588 2303 1885 2360 heurta à la première résistance. C’est le début de cette lutte
594 2350 1527 2430 qui fait l’objet des scènes mises en musique.
