<?xml version="1.0" encoding="UTF-8" standalone="yes"?>
<PcGts xmlns="http://schema.primaresearch.org/PAGE/gts/pagecontent/2013-07-15" xmlns:xsi="http://www.w3.org/2001/XMLSchema-instance" xsi:schemaLocation="http://schema.primaresearch.org/PAGE/gts/pagecontent/2013-07-15 http://schema.primaresearch.org/PAGE/gts/pagecontent/2013-07-15/pagecontent.xsd">
    <Metadata>
        <Creator>prov=READ-COOP:name=TrHtr:version=2.18.1:model_id=51170:date=16_10_2024_05:36</Creator>
        <Created>2024-10-15T15:15:19.373+02:00</Created>
        <LastChange>2024-10-16T05:36:23.575+02:00</LastChange>
        <TranskribusMetadata docId="4641973" pageId="80334183" pageNr="189" tsid="193993532" status="IN_PROGRESS" userId="131016" imgUrl="https://files.transkribus.eu/Get?id=MWIEZNNCFNGMLLMXDEYGKLCH&amp;fileType=view" xmlUrl="https://files.transkribus.eu/Get?id=VWYAKAPHSPZPUNDYCGPOVWJX" imageId="65794934"/>
    </Metadata>
    <Page imageFilename="0189_kca-srdda-cpr1904-030901108875-tx-00189.jpg" imageWidth="2056" imageHeight="3270">
        <ReadingOrder>
            <OrderedGroup id="ro_1757315635953" caption="Regions reading order">
                <RegionRefIndexed index="0" regionRef="tr_2"/>
                <RegionRefIndexed index="1" regionRef="tr_1"/>
            </OrderedGroup>
        </ReadingOrder>
        <TextRegion id="tr_2" custom="readingOrder {index:0;}">
            <Coords points="343,487 1500,487 1500,1388 343,1388"/>
            <TextLine id="tr_2_tl_1" custom="readingOrder {index:0;}">
                <Coords points="787,561 800,559 807,565 825,559 836,564 854,549 862,554 873,548 885,551 885,488 862,483 834,504 802,502 797,507 787,507"/>
                <Baseline points="796,537 841,537 886,537 889,537"/>
                <TextEquiv>
                    <Unicode>10</Unicode>
                </TextEquiv>
            </TextLine>
            <TextLine id="tr_2_tl_2" custom="readingOrder {index:1;}">
                <Coords points="340,664 603,687 737,667 897,674 897,624 862,612 770,635 719,611 682,632 604,635 515,612 444,637 386,603 340,616"/>
                <Baseline points="349,659 393,662 438,662 483,662 528,659 572,662 617,662 662,659 707,659 751,659 796,659 841,659 886,659 901,659"/>
                <TextEquiv>
                    <Unicode>Van ons lippen dale mede</Unicode>
                </TextEquiv>
            </TextLine>
            <TextLine id="tr_2_tl_3" custom="readingOrder {index:2;}">
                <Coords points="343,734 494,711 599,734 893,718 893,680 834,669 606,685 343,674"/>
                <Baseline points="352,710 396,710 441,710 486,707 531,707 575,710 620,710 665,707 710,707 754,707 799,707 844,707 889,713 895,713"/>
                <TextEquiv>
                    <Unicode>Olav's vuurge hartebede :</Unicode>
                </TextEquiv>
            </TextLine>
            <TextLine id="tr_2_tl_4" custom="readingOrder {index:3;}">
                <Coords points="334,766 978,770 991,726 423,718 334,740"/>
                <Baseline points="343,754 387,760 432,760 477,757 522,757 566,757 611,754 656,754 701,757 745,757 790,757 835,757 880,757 924,754 969,757 996,763"/>
                <TextEquiv>
                    <Unicode>« Zielen streven, harten beven,</Unicode>
                </TextEquiv>
            </TextLine>
            <TextLine id="tr_2_tl_5" custom="readingOrder {index:4;}">
                <Coords points="347,818 932,828 1013,813 1013,770 347,771"/>
                <Baseline points="355,808 399,808 444,805 489,805 534,805 578,805 623,805 668,805 713,805 757,805 802,805 847,805 892,805 936,805 981,805 1017,808"/>
                <TextEquiv>
                    <Unicode>hier des Hoogsten lof te zingen!</Unicode>
                </TextEquiv>
            </TextLine>
            <TextLine id="tr_2_tl_6" custom="readingOrder {index:5;}">
                <Coords points="340,862 1111,867 1111,823 1058,807 894,829 340,823"/>
                <Baseline points="349,853 393,856 438,856 483,856 528,856 572,853 617,856 662,853 707,856 751,856 796,853 841,853 886,853 930,856 975,853 1020,853 1065,853 1109,856 1115,856"/>
                <TextEquiv>
                    <Unicode>Moge, als d’ijsberg, vast zich vesten</Unicode>
                </TextEquiv>
            </TextLine>
            <TextLine id="tr_2_tl_7" custom="readingOrder {index:6;}">
                <Coords points="347,910 1013,920 998,860 795,880 347,865"/>
                <Baseline points="355,904 399,904 444,904 489,907 534,904 578,904 623,904 668,904 713,904 757,901 802,901 847,898 892,901 936,901 981,904 1017,904"/>
                <TextEquiv>
                    <Unicode>i't rein geloof in dees gewesten!</Unicode>
                </TextEquiv>
            </TextLine>
            <TextLine id="tr_2_tl_8" custom="readingOrder {index:7;}">
                <Coords points="339,969 1066,972 1068,922 340,914"/>
                <Baseline points="349,951 393,954 438,951 483,954 528,951 572,951 617,951 662,951 707,951 751,951 796,951 841,948 886,951 930,951 975,951 1020,951 1065,957 1068,957"/>
                <TextEquiv>
                    <Unicode>Land van vrijdom, stijg omhooge,</Unicode>
                </TextEquiv>
            </TextLine>
            <TextLine id="tr_2_tl_9" custom="readingOrder {index:8;}">
                <Coords points="340,1011 599,1032 723,1008 875,1035 948,1006 1063,1024 1153,1006 1153,972 1111,959 340,969"/>
                <Baseline points="349,1002 352,1002 396,1002 441,1002 486,1002 531,999 575,1002 620,1002 665,999 710,1002 754,999 799,999 844,1002 889,1002 933,1002 978,999 1023,999 1068,999 1112,999 1157,999"/>
                <TextEquiv>
                    <Unicode>slecht vervuld van God, den Hooge! »</Unicode>
                </TextEquiv>
            </TextLine>
            <TextLine id="tr_2_tl_10" custom="readingOrder {index:9;}">
                <Coords points="752,1090 1374,1098 1426,1087 1426,1025 1230,1047 1197,1029 1097,1055 1027,1032 941,1053 836,1025 752,1043"/>
                <Baseline points="760,1080 805,1083 850,1083 895,1080 939,1080 984,1080 1029,1080 1074,1080 1118,1080 1163,1080 1208,1080 1253,1080 1297,1080 1342,1080 1387,1080 1429,1083"/>
                <TextEquiv>
                    <Unicode>Gedicht van BjörNSTJERNE BjörnsoN.</Unicode>
                </TextEquiv>
            </TextLine>
            <TextLine id="tr_2_tl_11" custom="readingOrder {index:10;}">
                <Coords points="653,1162 805,1140 883,1168 1050,1136 1116,1160 1293,1137 1442,1158 1495,1144 1497,1094 654,1094"/>
                <Baseline points="662,1136 707,1133 751,1130 796,1130 841,1130 886,1130 930,1130 975,1130 1020,1130 1065,1130 1109,1130 1154,1130 1199,1130 1244,1130 1288,1130 1333,1130 1378,1127 1423,1130 1467,1130 1500,1136"/>
                <TextEquiv>
                    <Unicode>(Nederlandsche tekst van Epwabb keurvels.)</Unicode>
                </TextEquiv>
            </TextLine>
            <TextLine id="tr_2_tl_12" custom="readingOrder {index:11;}">
                <Coords points="554,1375 627,1395 778,1380 880,1406 935,1383 985,1400 1038,1382 1064,1403 1087,1395 1087,1345 1066,1333 1042,1345 975,1325 936,1343 867,1328 836,1345 554,1304"/>
                <Baseline points="563,1378 608,1378 653,1378 698,1378 742,1378 787,1378 832,1378 877,1378 921,1378 966,1375 1011,1375 1056,1375 1091,1378"/>
                <TextEquiv>
                    <Unicode>Olav Trygvason</Unicode>
                </TextEquiv>
            </TextLine>
        </TextRegion>
        <TextRegion id="tr_1" custom="readingOrder {index:1;}">
            <Coords points="187,1441 1482,1441 1482,2334 187,2334"/>
            <TextLine id="tr_1_tl_1" custom="readingOrder {index:0;}">
                <Coords points="220,1507 1466,1513 1466,1458 1341,1445 220,1458"/>
                <Baseline points="229,1497 274,1497 319,1497 363,1497 408,1497 453,1497 498,1497 543,1497 587,1500 632,1497 677,1497 722,1497 766,1497 811,1494 856,1494 901,1497 945,1497 990,1494 1035,1494 1080,1494 1124,1494 1169,1494 1214,1494 1259,1494 1303,1491 1348,1491 1393,1494 1438,1494 1470,1500"/>
                <TextEquiv>
                    <Unicode>Een afstammeling van Harald Haarfager, eerste koning,</Unicode>
                </TextEquiv>
            </TextLine>
            <TextLine id="tr_1_tl_2" custom="readingOrder {index:1;}">
                <Coords points="178,1554 1473,1552 1473,1508 1319,1498 178,1507"/>
                <Baseline points="187,1545 232,1548 277,1548 322,1545 366,1548 411,1545 456,1542 501,1545 545,1548 590,1542 635,1545 680,1548 725,1545 769,1545 814,1545 859,1542 904,1545 948,1545 993,1545 1038,1545 1083,1542 1127,1542 1172,1542 1217,1542 1262,1542 1306,1542 1351,1542 1396,1542 1441,1542 1476,1545"/>
                <TextEquiv>
                    <Unicode>van Noorwegen, werd opgevoed aan het Russisch hof</Unicode>
                </TextEquiv>
            </TextLine>
            <TextLine id="tr_1_tl_3" custom="readingOrder {index:2;}">
                <Coords points="186,1609 1332,1609 1466,1602 1466,1558 186,1565"/>
                <Baseline points="196,1596 217,1596 262,1596 307,1596 352,1596 396,1596 441,1596 486,1596 531,1596 575,1596 620,1593 665,1596 710,1596 754,1596 799,1593 844,1596 889,1593 933,1593 978,1593 1023,1593 1068,1593 1112,1593 1157,1593 1202,1590 1247,1590 1291,1590 1336,1590 1381,1590 1426,1590 1470,1590"/>
                <TextEquiv>
                    <Unicode>(te Gardarike). Hij werd gedoopt in Engeland, tijdens eenen</Unicode>
                </TextEquiv>
            </TextLine>
            <TextLine id="tr_1_tl_4" custom="readingOrder {index:3;}">
                <Coords points="178,1651 1447,1656 1469,1609 178,1617"/>
                <Baseline points="187,1640 232,1643 277,1643 322,1643 366,1643 411,1640 456,1643 501,1643 545,1646 590,1646 635,1643 641,1640 659,1640 668,1643 713,1640 757,1643 802,1643 847,1640 892,1640 936,1643 981,1640 1026,1640 1071,1640 1115,1640 1160,1640 1205,1637 1250,1637 1294,1637 1339,1637 1384,1637 1429,1637 1473,1637"/>
                <TextEquiv>
                    <Unicode>tocht der Wikings. — Toen hij vernam dat de Noormannen</Unicode>
                </TextEquiv>
            </TextLine>
            <TextLine id="tr_1_tl_5" custom="readingOrder {index:4;}">
                <Coords points="178,1711 1473,1703 1473,1652 178,1673"/>
                <Baseline points="187,1691 223,1694 268,1691 313,1691 358,1691 402,1691 447,1691 492,1691 537,1691 581,1691 626,1691 671,1691 716,1691 760,1691 805,1691 850,1691 895,1691 939,1691 984,1691 1029,1688 1074,1688 1118,1688 1163,1688 1208,1688 1253,1688 1297,1688 1342,1688 1387,1685 1432,1685 1476,1688"/>
                <TextEquiv>
                    <Unicode>ontevreden waren over hunnen vorst (die afstamde uit een</Unicode>
                </TextEquiv>
            </TextLine>
            <TextLine id="tr_1_tl_6" custom="readingOrder {index:5;}">
                <Coords points="178,1759 1361,1758 1469,1751 1469,1701 178,1711"/>
                <Baseline points="187,1742 220,1742 265,1742 310,1742 355,1742 399,1742 444,1739 489,1742 534,1742 578,1742 623,1742 668,1739 713,1742 757,1739 802,1739 847,1742 892,1739 936,1739 981,1739 1026,1739 1071,1739 1115,1736 1160,1736 1205,1736 1250,1733 1294,1736 1339,1736 1384,1736 1429,1736 1473,1736"/>
                <TextEquiv>
                    <Unicode>alouden tak van Olav’s geslacht), vatte hij het voornemen</Unicode>
                </TextEquiv>
            </TextLine>
            <TextLine id="tr_1_tl_7" custom="readingOrder {index:6;}">
                <Coords points="178,1801 1294,1806 1473,1795 1473,1751 178,1759"/>
                <Baseline points="187,1790 223,1793 268,1790 313,1790 358,1790 402,1790 447,1790 492,1790 537,1790 581,1790 626,1790 671,1787 716,1787 760,1787 805,1790 850,1790 895,1787 939,1787 984,1787 1029,1787 1074,1787 1118,1784 1163,1787 1208,1784 1253,1784 1297,1784 1342,1787 1387,1787 1432,1784 1476,1787"/>
                <TextEquiv>
                    <Unicode>op zijn vaderland te veroveren en het te bekeeren tot het</Unicode>
                </TextEquiv>
            </TextLine>
            <TextLine id="tr_1_tl_8" custom="readingOrder {index:7;}">
                <Coords points="185,1844 1474,1848 1474,1803 1422,1792 185,1798"/>
                <Baseline points="193,1837 226,1837 271,1840 316,1837 361,1840 405,1840 450,1840 495,1840 540,1837 584,1837 629,1837 674,1837 719,1837 763,1837 808,1837 853,1837 898,1837 942,1837 987,1837 1032,1837 1077,1834 1121,1834 1166,1834 1211,1834 1256,1831 1300,1834 1345,1834 1390,1834 1435,1834 1479,1834"/>
                <TextEquiv>
                    <Unicode>Christendom. Door de natuur rijk begaafd, boven zijne</Unicode>
                </TextEquiv>
            </TextLine>
            <TextLine id="tr_1_tl_9" custom="readingOrder {index:8;}">
                <Coords points="178,1897 1207,1908 1469,1892 1469,1845 178,1855"/>
                <Baseline points="187,1885 232,1888 277,1888 322,1888 366,1888 411,1888 456,1885 501,1888 545,1885 590,1888 635,1888 680,1888 725,1885 769,1885 814,1885 859,1885 904,1885 948,1885 993,1885 1038,1882 1083,1882 1127,1882 1172,1882 1217,1882 1262,1882 1306,1882 1351,1882 1396,1882 1441,1882 1473,1885"/>
                <TextEquiv>
                    <Unicode>tijdgenooten uitstekend zoowel door verstandelijke als door</Unicode>
                </TextEquiv>
            </TextLine>
            <TextLine id="tr_1_tl_10" custom="readingOrder {index:9;}">
                <Coords points="178,1938 1432,1952 1469,1892 180,1915"/>
                <Baseline points="187,1936 220,1936 265,1936 310,1936 355,1936 399,1936 444,1936 489,1936 534,1936 578,1936 623,1936 668,1939 713,1936 757,1936 802,1933 847,1933 892,1933 936,1933 981,1933 1026,1933 1071,1933 1115,1933 1160,1930 1205,1930 1250,1930 1294,1930 1339,1930 1384,1930 1429,1930 1473,1930"/>
                <TextEquiv>
                    <Unicode>stoffelijke meerderheid, herinnerde niemand zich ooit zijn</Unicode>
                </TextEquiv>
            </TextLine>
            <TextLine id="tr_1_tl_11" custom="readingOrder {index:10;}">
                <Coords points="181,2001 1437,1997 1468,1939 181,1944"/>
                <Baseline points="190,1993 217,1987 262,1984 307,1984 352,1984 396,1984 441,1984 486,1984 531,1984 575,1987 620,1984 665,1984 710,1984 754,1984 799,1984 844,1984 889,1984 933,1984 978,1984 1023,1984 1068,1981 1112,1981 1157,1978 1202,1978 1247,1978 1291,1978 1336,1978 1381,1978 1426,1978 1470,1978"/>
                <TextEquiv>
                    <Unicode>gelijke te hebben gezien. Ook werd hij gedurende de middel¬</Unicode>
                </TextEquiv>
            </TextLine>
            <TextLine id="tr_1_tl_12" custom="readingOrder {index:11;}">
                <Coords points="181,2041 1296,2056 1468,2035 1468,1999 181,2012"/>
                <Baseline points="190,2034 217,2034 262,2031 307,2031 352,2031 396,2034 441,2034 486,2034 531,2034 575,2034 620,2034 665,2031 710,2031 754,2031 799,2031 844,2031 889,2034 933,2031 978,2031 1023,2028 1068,2028 1112,2028 1157,2028 1202,2028 1247,2025 1291,2028 1336,2025 1381,2025 1426,2025 1470,2025"/>
                <TextEquiv>
                    <Unicode>eeuwen algemeen geroemd als de volledigste verpersoon¬</Unicode>
                </TextEquiv>
            </TextLine>
            <TextLine id="tr_1_tl_13" custom="readingOrder {index:12;}">
                <Coords points="178,2087 1458,2096 1469,2033 178,2044"/>
                <Baseline points="187,2082 220,2082 265,2082 310,2082 355,2082 399,2082 444,2082 489,2082 534,2082 578,2082 623,2079 668,2079 713,2079 757,2079 802,2079 847,2079 892,2079 936,2079 981,2079 1026,2076 1071,2076 1115,2076 1160,2076 1205,2076 1250,2076 1294,2076 1339,2076 1384,2076 1429,2076 1473,2076"/>
                <TextEquiv>
                    <Unicode>lijking van het Noordsche ras. Zijne veroveringen was hij</Unicode>
                </TextEquiv>
            </TextLine>
            <TextLine id="tr_1_tl_14" custom="readingOrder {index:13;}">
                <Coords points="178,2137 1477,2140 1477,2093 1332,2083 178,2096"/>
                <Baseline points="187,2130 229,2130 274,2130 319,2130 363,2127 408,2130 453,2130 498,2130 543,2133 587,2130 632,2130 677,2130 722,2130 766,2127 811,2127 856,2127 901,2127 945,2130 990,2127 1035,2127 1080,2127 1124,2127 1169,2127 1214,2127 1259,2124 1303,2124 1348,2124 1393,2124 1438,2124 1482,2127"/>
                <TextEquiv>
                    <Unicode>meer verschuldigd aan zijne ontzagbarende eigenschappen</Unicode>
                </TextEquiv>
            </TextLine>
            <TextLine id="tr_1_tl_15" custom="readingOrder {index:14;}">
                <Coords points="178,2185 1455,2189 1473,2146 178,2156"/>
                <Baseline points="187,2178 223,2178 268,2178 313,2178 358,2180 402,2178 447,2180 492,2178 537,2178 581,2178 626,2178 671,2178 716,2178 760,2175 805,2178 850,2175 895,2175 939,2178 984,2175 1029,2175 1074,2175 1118,2178 1163,2175 1208,2175 1253,2172 1297,2172 1342,2172 1387,2175 1432,2172 1476,2175"/>
                <TextEquiv>
                    <Unicode>dan aan zijn zwaard. Het was in de omstreken van</Unicode>
                </TextEquiv>
            </TextLine>
            <TextLine id="tr_1_tl_16" custom="readingOrder {index:15;}">
                <Coords points="186,2244 1473,2237 1473,2185 1375,2174 186,2185"/>
                <Baseline points="196,2228 223,2225 268,2225 313,2228 358,2225 402,2225 447,2225 492,2225 537,2225 581,2225 626,2225 671,2225 716,2225 760,2225 805,2225 850,2222 895,2222 939,2222 984,2222 1029,2222 1074,2222 1118,2222 1163,2222 1208,2222 1253,2222 1297,2222 1342,2219 1387,2222 1432,2219 1476,2222"/>
                <TextEquiv>
                    <Unicode>Drontheim, dat hij stuitte op den eersten tegenstand. De</Unicode>
                </TextEquiv>
            </TextLine>
            <TextLine id="tr_1_tl_17" custom="readingOrder {index:16;}">
                <Coords points="181,2283 1291,2302 1477,2279 1477,2237 181,2249"/>
                <Baseline points="190,2276 229,2276 274,2273 319,2276 363,2279 408,2273 453,2273 498,2273 543,2276 587,2273 632,2273 677,2273 722,2276 766,2273 811,2273 856,2273 901,2273 945,2273 990,2273 1035,2273 1080,2270 1124,2273 1169,2270 1214,2270 1259,2270 1303,2273 1348,2270 1393,2270 1438,2270 1482,2270"/>
                <TextEquiv>
                    <Unicode>aanvang van dezen strijd diende tot onderwerp aan de</Unicode>
                </TextEquiv>
            </TextLine>
            <TextLine id="tr_1_tl_18" custom="readingOrder {index:17;}">
                <Coords points="178,2339 450,2357 518,2326 698,2354 854,2330 909,2351 991,2333 991,2283 178,2292"/>
                <Baseline points="187,2324 232,2324 277,2324 322,2324 366,2324 411,2324 456,2324 501,2324 545,2324 590,2324 635,2324 680,2324 725,2324 769,2324 814,2321 859,2324 904,2324 948,2321 993,2324 996,2324"/>
                <TextEquiv>
                    <Unicode>tooneelen door Grieg in muziek gezet.</Unicode>
                </TextEquiv>
            </TextLine>
        </TextRegion>
    </Page>
</PcGts>
