2056 3270
1196 534 1297 601 - 15
1148 646 1470 721 LES FEMMES
1139 740 1485 816 Entends-nous!
1061 836 1575 913 HOMMES ET FEMMES
871 931 1649 997 D’autres dieux que vous surgissent :
864 981 1544 1052 Vite à l'aide! Qu'ils périssent!
871 1035 1491 1093 Mitgard tremble sur sa base :
868 1086 1608 1158 Un Ase seul peut vaincre un Ase!
915 1141 1333 1215 (En s'agenouillant)
862 1200 1470 1274 Toi qui verses sur le monde
864 1259 1551 1314 L’eau d’Urdar, vive et féconde ;
868 1305 1518 1372 Toi qui seul connais les vœux
871 1350 1591 1421 Que, là haut, forment les Dieux ;
868 1406 1518 1470 Toi qui nommes à ton maître
862 1451 1576 1522 Chaque jour qui vient de naître,
868 1501 1435 1570 Toi qui fus avant l'aurore,
862 1548 1473 1619 Lorsque rien n'était encore :
862 1603 1495 1657 Montre, montre à notre Dise
862 1648 1442 1714 Le chemin qui la conduise
868 1699 1560 1770 Vers le Dieu que tous attendent
1035 1748 1372 1824 Entends-nous!
1147 1926 1416 2010 SCÈNE II
1158 2043 1396 2115 LA VALA
1423 2144 1822 2239 (sur une élévation)
838 2251 1763 2321 point ne suffit de supplier Nornes et Ases ;
931 2308 1500 2376 les runes magiques seules,
941 2352 1489 2423 peuvent écarter les impies
831 2402 1541 2472 du chemin qui mène aux Dieux!
931 2449 1588 2526 Là, sur les cimes, majestueux,
938 2502 1492 2573 il sont assis par groupes :
931 2547 1611 2624 Dieux géants, Nornes, déesses!
