2056 3270
967 620 1473 707 HOMMES ET FEMMES
1069 720 1420 801 O Vala vénérée,
922 782 1548 854 Fais retentir la parole sacrée
1022 836 1388 910 La voix d'Odin!
1104 908 1335 994 LA VALA
1088 1005 1813 1094 (se dresse, dominant l'assemblée.)
722 1094 1398 1172 Homme insàme, homme impie,
828 1163 1252 1227 Que le Sud expédie,
731 1207 1457 1280 Chez Hel, que ton forfait s’expie!
634 1248 1813 1329 Sois maudit! Que ton corps soit mordu par serpents!
823 1307 1389 1377 Et vous, chiens de l’enfer,
725 1357 1583 1432 Disputez-vous les lambeaux de sa chair,
826 1416 1463 1476 Que son sang vous nourrisse
823 1463 1514 1532 Chez Hel, faites en votre proie
961 1535 1457 1633 HOMMES ET FEMMES
967 1630 1329 1693 O Vala vénéréel
811 1680 1467 1758 Fais retentir la parole sacrée,
963 1735 1332 1826 La voix d'Odin!
1102 1817 1330 1904 LA VALA
1119 1904 1813 1993 (continuant à graver les runes.)
720 1990 1411 2058 Homme infâme, homme impie,
828 2042 1250 2109 Que le Sud expédie,
723 2101 1444 2159 Chez Hel, sache qu'on te convie
620 2143 1636 2205 Loin d'ici! Que Thor te foudroie et m'écoute;
820 2195 1516 2251 Chez Hel doit aboutir ta route!
722 2227 1563 2303 Que ce bois, gravé de runes, t’envoûte
914 2286 1389 2361 Et te frappe de mort!
725 2312 1510 2398 Chez Hel, ceux qui suivent ta trace!
728 2381 1521 2449 Chez Hel, tout ce qui nous menace!
819 2436 1482 2508 Lôgue, fais flamber ta flamme,
813 2480 1427 2546 Et brûles ces runes de mort!
817 2533 1548 2614 Chez Hel, toute la bande infâme!
