2056 3270
718 533 833 601 18
472 633 1026 715 MANNEN ENVROUWEN
493 743 953 826 Eerwaardige Wolwa,
490 809 881 875 Rijs op en toover.
300 853 1133 913 Vul hemel en aard met Odin’s woord!
255 951 1284 1043 WOLWA (zich oprichtend en allen beheerschend)
497 1081 1016 1158 Booze man, looze geest,
400 1135 1106 1203 Die tot ons komt uit het Zuiden,
406 1177 1211 1247 Bij Hel wacht uwe schuld vergelding
206 1229 1331 1295 Addersteek, slangenbeet moge u martelen en kwellen!
308 1287 1218 1348 En gij, helhonden, toont hem uw tanden!
501 1327 1106 1403 Dolheid kome over u allen!
505 1385 1047 1441 Dat zijn bloed u verzade
406 1431 1235 1518 Bij Hel, geen ander voedsel zij ’t uwe!
469 1533 1008 1607 MANNEN ENVROUWEN
505 1639 967 1712 Eerwaardige Wolwa.
511 1695 1071 1764 Sterk is uw toovermacht!
419 1743 1231 1812 Vul hemel en aard met Odin's woord!
508 1847 1064 1929 WOLWA (runen snijdend)
518 1981 1029 2048 Booze man, looze geest,
413 2031 1128 2092 Die tot ons komt uit het Zuiden,
388 2078 1190 2152 Bij Hel, leide u den weg ten afgrond!
529 2127 1211 2205 Wijk van hier, van Gode's pad!
419 2174 1231 2241 Des Donderaars vuur moge u treffen!
524 2223 1194 2299 ’t Runenhout sneed ik vaardig,
524 2276 1119 2334 Nam het van Odin’s altaar.
419 2324 1259 2386 Bij Hel, worge zijn woord den booze!
622 2373 930 2437 Rune, blaak!
323 2409 1252 2488 Sla de vlam tot aan zijner dochteren deure!
329 2474 1204 2535 Bij Hel, worge Odin’s woord den booze,
616 2523 862 2586 den booze!
