2056 3270
1278 664 1878 756 (Elle jette dans le feu sacré le
1272 735 1876 801 bâton sur lequel elle a gravé des
1272 789 1882 848 runes; la flamme s'élance soudain
1278 834 1884 900 et s'élève jusqu'au toit. Un bruit
1278 886 1876 943 formidable, qui se résout en ton¬
1281 935 1882 999 nerre dont les échos se répètent au
1278 985 1880 1062 loin, faituaibler le temple sur
1281 1035 1460 1108 sa base.)
955 1167 1513 1253 TOUS (reculant terrifiés)
926 1297 1500 1374 La terrible voix des Dieux
777 1363 1648 1424 Descend au gouffre et monte aux cieux :
918 1406 1426 1494 Pâle, j’écoute l’oracle!
1116 1515 1353 1592 LA VALA
971 1630 1536 1717 Hel va nous dicter sa loi,
931 1695 1601 1757 Tous tremblent, non pas moi
986 1751 1310 1816 Vite en prière!
986 1792 1359 1867 Moi, la première,
979 1844 1484 1931 J'invoquerai les cieux!
878 1924 1652 2008 Dieux puissants, vénérables Dieux,
885 1994 1576 2065 Faites droit à nos vœux pieux!
691 2040 1674 2111 Où doivent s’accomplir les décrets du destin?
888 2101 1472 2170 Parle, de grâce, père divin,
878 2150 1561 2206 Parle et fais-le moi connaître
888 2200 1598 2252 Où doit tomber Olav, le traître?
688 2234 1754 2304 Dieu subtil, à qui rien n’est caché dans le monde
703 2293 1735 2351 Toi dont l’œil pénétrant se promène à la ronde
694 2348 1695 2424 Moi, vouée à ton culte, Odin, dès le berceau,
696 2398 1711 2470 Par le cœur du loup, par la langue du corbeau,
694 2442 1673 2513 Par le sang fumant que versa le grand prêtre,
888 2498 1646 2557 Je t'implore! Fais-moi connaître :
897 2547 1608 2610 Où dois tomber Olav, le traître?
