2056 3270
757 550 994 631 - 20 -
872 711 1470 782 (Zij werpt den runenstaf op het
861 765 1449 831 heilig vuur, hetwelk dadelijk op
861 819 1472 882 vlamt tot aan het gewelf. Een
861 869 1470 921 ontzettend gedruisch, eindigendin
867 918 1470 974 een donderknal welke in de verte
870 968 1467 1031 weergalmt, dreunt door den
862 1014 1015 1070 tempel.)
437 1153 1182 1235 ALLEN (vol schrik terugwijkend)
352 1270 1080 1339 Kracht heeft Odin’s tooverwoord
354 1329 1185 1389 Van s'afgronds diep tot ’s hemels top.
358 1379 1193 1452 Bang wacht ik 't antwoord van beide
722 1513 919 1598 WOLWA
352 1618 1160 1692 Antwoord kwam uit diepte en hemel.
450 1687 1057 1757 Beeft ge allen, nimmer ik!
458 1738 967 1800 Laat ons nu bidden!...
455 1785 852 1851 Vrij zijn de wegen
461 1834 996 1916 ’k Ga in ’t gebed u voor.
455 1912 944 1993 Goden, heilige Goden,
455 1974 1059 2034 Zijt gij hier, zoo hoort ons!
258 2022 1154 2089 Waar ligt het lot nu, het beslissende lot
261 2061 1254 2131 Waarheen helt uw weegschaal, die alles wikt?
258 2122 1045 2187 Ik, ik bid u; toont het. Machtigen!
362 2176 1059 2246 Waar treft gij den boozen Olav?
265 2209 1164 2292 Goden, heilige Goden, alwetende Goden!
280 2265 1276 2330 Ik, it bid u, ik, Odin gewijd sinds mijne jeugd
273 2320 1241 2377 Door het hart des selfs, door der rave tonge,
365 2366 1133 2427 Door offers in doorwaakte nachten,
461 2418 1231 2481 Ik, ik bid u, toont het, Machtigen :
357 2464 1080 2535 Waar treft gij den boozen Olav?
562 2512 887 2601 Waar? Waar?
