2056 3270
1304 734 1901 805 (Coup de tonnerre. Le fond de la
1301 794 1899 853 scène disparaît et l'on voit au
1306 837 1899 899 loin l'usage du temple, entouré de
1302 886 1902 953 fumée et de flammes. La foudre
1299 936 1902 1014 continue à gronder, tant que dure
1302 984 1502 1075 la vision.
943 1120 1571 1199 LA VALA et puis le CHŒUR
992 1190 1810 1296 lorsque l'apparition s'est évanouie.)
800 1317 1440 1393 Là, là, doit succomber Olav!
803 1383 1524 1446 Là, là, doit succomber le traître!
853 1429 1445 1495 Dans ce temple qu’il entre
711 1473 1614 1532 Mais, s'il y vient, qu’il n’en ressorte plus!
708 1529 1423 1593 S’il ose s’y risquer, s'il sort d’ici,
853 1576 1437 1635 Nous tous croirons en lui!
850 1626 1255 1692 S’il ose s’y risquer.
842 1667 1565 1764 Son Dieu vienne vers les nôtres!
1165 1808 1308 1880 TOUS
1184 1886 1795 1985 (se tournant vers les Dieux)
652 1988 1470 2064 Dieux! votre oracle a ranimé ma foi!
661 2052 1718 2119 Dieux! grâce à vous, mon cœur n a plus d'effroi!
665 2108 1636 2179 Vienne à présent, ce roi qui ne veut de vous ;
666 2157 1342 2216 Courte sera la lutte entre nous!
621 2207 1802 2282 Vous mêmes, Dieux puissants, sur lui vous marcherez;
656 2257 1570 2316 Dans votre temple saint, vous descendrez!
656 2310 1586 2370 Flambe la flamme d’or et que le feu du ciel
655 2364 1486 2429 La chasse vers les lieux où règne Hel!
825 2436 1829 2504 (Se rassemblant autour des imagres des Dieux)
655 2500 1473 2578 Trois nuits de suite, nous avons prié
664 2557 1614 2651 Trois nuits! Enfin les Dieux ont pris pitié!
