2056 3270
745 499 838 588 22
871 631 1462 710 (Donderslag. De achtergrond des
871 689 1458 766 tempels verdwijnt : in de verte
868 739 1463 813 ontwaart men het afbeeldsel van
865 792 1466 855 den tempel midden vlammen en
858 832 1474 917 rook. De donder roit zoolang het
859 889 1215 961 beeld zichtbaar is.)
425 1028 1195 1109 WOLWA EN DAVNA HET KOOR
298 1152 1055 1240 Hier, hier treffen de Hoogen hem!
305 1222 1166 1302 Hier, hier slaan hem de heilige Goden!
400 1275 981 1345 Deze hal mag hij betreden,
299 1308 1154 1394 Komt hij er in. nimmer verlaat hij die!
407 1375 926 1440 Dit zij tot hem gezegd:
305 1419 1215 1498 Treedt hij er veilig uit, gelooven wij hem!
398 1472 920 1549 Dit zij tot hem gezegd:
293 1526 1003 1601 Zijn God koom tot onze Goden!
465 1659 1161 1724 ALLEN (tot de Goden gewend)
644 1773 978 1853 Dank! Dank!
156 1831 1346 1893 Dank voor het antwoord, troost bracht het teeken ons!
305 1895 1022 1957 Gij sterktet ons vertrouwen in u
305 1939 1240 1995 Nu kan hij komen, de aldus verkoren vorst,
305 1989 1081 2050 Nu kan hij komen, kort is de strijd.
150 2022 1229 2118 Zelf gaan de Goden ons voor op den blijden tocht,
299 2092 1090 2146 Zelf waken onze Goon op hunne hal.
299 2126 1284 2198 Lichte de vlamme hem ver uit den lande voor,
302 2185 1173 2250 Lichte de vlamme hem voor tot bij Hel!
378 2299 1229 2391 (Zich rond de Godenbeelden scharend)
153 2411 1069 2494 Drie nachten baden wij tot onze Goden al,
296 2477 1170 2560 Drie nachten lang, en werden verhoord.
