2056 3270
509 775 1065 852 MANNEN ENVROUWEN
528 903 1088 968 Drinken wij nu op Thor,
536 956 1077 1020 Drontheimer sterke God,
530 996 1134 1074 Laat ons op kracht en krijg
536 1056 963 1122 Medigen den hoorn
371 1093 1267 1170 Looft hen door spelen, heilige spelen nu,
534 1158 1166 1212 Heilige spelen, heiligen lust!
534 1216 1157 1275 Drinkt nu op Njord en Froy,
537 1257 1160 1313 Vischvangst en rijpen herfst,
647 1305 1059 1387 Vrijheid en Vrede!
577 1401 1158 1486 STERS EN PRIESTERESSEN
428 1415 581 1489 PRIES
381 1514 1284 1604 Looft hen door spelen, heilige speten nu,
539 1572 1179 1654 Heilige spelen, heiligen lust!
497 1665 1051 1756 MANNEN ENVROUWEN
386 1791 1284 1858 Looft hen door spelen, heilige spelen nu,
534 1841 1167 1907 Heilige spelen, heiligen lust!
383 1891 1280 1953 Laat ons voor Braga heilige gelofte doen,
393 1936 1230 2026 Laat ons den beker ledigen voor hem!
592 1983 1100 2058 Offers van lijf en bloed,
599 2036 1133 2107 Tot Olav niet meer leeft,
591 2090 991 2165 Brenge ieder aan
709 2212 960 2284 VROUWEN
326 2320 1179 2406 Asinnen alle, deelmoedig naderen weu,
426 2377 1158 2464 Brengen, Godinnen, lof u en eer!
333 2429 1243 2509 Voedt ons, o milde, met uwe moedermelk,
437 2466 1343 2555 Voedt ons, die macht hebt op nier en hart!
327 2527 1280 2612 Knapen en meisjes, grijsaards en kindertjes
472 2560 1343 2644 Eerthaar,die eeuwige jonkheid bekroont!
324 2623 1229 2696 Looft haar door spelen, heilige speten nu,
431 2668 1089 2776 Heilige spelen, heiligen lust!
