2056 3270
735 488 844 580 30
729 630 899 718 ALLEN
217 721 1165 813 Onsterflijk Asendom, alle leven hebt gij liet,
680 789 1018 853 die ’t al bezielt
217 790 664 860 Onsterflijk Asendom
223 842 1143 900 ’t Geldt nu te wreken U en ons Vaderland,
220 886 962 954 ’t Geldt nu te redden ons levenslot,
223 939 1224 997 ’t Geldt U te redden, bron van ons wel en wee,
223 989 1073 1067 ’t Geldt U te redden, wieg onzes roems!
217 1060 1104 1136 Drie nachten riepen wij onze Goden aan,
322 1122 1186 1191 Drie nachten lang en werden verhoord!
223 1159 1419 1240 Den eersten nacht droegen wij ’t bloedvat ter tempelhal,
325 1222 1120 1285 Offerden wij het bloed onder gebeên
213 1261 1362 1333 D’andren nacht gaven we een gastmaal aan de Goon,
322 1333 1253 1377 Op dien nacht boden we giften en gebeên
171 1379 1472 1435 Den derden nacht zagen we een heilvoorspellenddroomgezicht,
325 1426 1227 1493 Op dien nacht klonken blij loflied en dans.
469 1459 1062 1526 Heilige spelen speelden wij
572 1519 1010 1576 Tot aller Goden eer,
614 1568 933 1632 Heilige spelen
614 1615 941 1691 Heiligen lust!
735 1671 1398 1747 Gedicht van Bjö RNSTJERNE BjörNSON
646 1715 1479 1809 (Nederlandsche tekst van EDWERD KEURFels)
745 2116 868 2203 N
