2056 3270
426 330 1569 448 Koninklijke Maatschappij van Dierkunde
776 441 1242 521 VAN ANTWERPEN
274 502 1729 637 ̃ ̃ 1  =================.................................  ==================
339 611 1656 727 Zondag 6 November 1904, te 3½ uren ’snamiddags
265 780 1656 974 Symlonisch Concer
297 976 1710 1094 DOOR HET ORKEST DER MAATSCHAPPIJ
432 1065 1573 1168 onder de leiding van M. ED kan Deurvels
949 1166 1052 1288 S.H.
747 1281 1221 1409 programma
927 1420 1094 1511 1e DEEL
276 1502 851 1602 1. Mireille ( openingstuk)
1279 1514 1600 1609 CH. GOUNOD
276 1594 867 1683 2. Engelsche nachtronde
1275 1594 1504 1676 G. AsCH
272 1661 600 1747 3. Mazurka
1275 1676 1645 1774 PETER BENOIT
267 1743 914 1832 4. Les Dragon de Villars.
1275 1756 1609 1846 A. MAILLART
470 1805 1212 1903 (bloemlezing door Joz. Dupont)
921 1910 1097 1993 2e DEEL
267 1979 1056 2089 5. Der Freischütz ( openingstuk)
1279 1995 1734 2093 C. M. VONWEBER
267 2082 1217 2155 6. Een feest te Aranjuez (Spaansche, fantazie)
1275 2084 1727 2173 C. DE MERSMANN
283 2149 791 2231 7. Boheemsche dans
1270 2160 1730 2247 ALEX. STADTidg
267 2233 1654 2305 8. Intocht der Edelen (zangspel Tannhäuser) RICH. WAGNER
274 2372 1719 2478 Woensdag 9, te 8 uren's avonds : Concert met de medewerking van Mej
432 2436 958 2503 Corinne CORYN, Violiste.
281 2498 1732 2577 Woensdag 16 : Concert met de medewerking van den Heer K. DANNEELS,
428 2545 1436 2623 Leeraar aan het Koninklijk conservatorium van Luik.
267 2650 1725 2712 N-B.— Niet ingenomen plaatsen mogen onder geen voorwendsel voorbehouden
428 2681 589 2742 worden.
310 2730 1725 2799 Van 3 December 1904 tot 9 Januari 1905 : Wederlandsche Tentoonstelling van
274 2777 1729 2846 Kunstplakkaarten, Postkaarten, Postzegels, Kleurdrukwerken in allen aard,
267 2822 1404 2878 Beeldjos, Speelkaarten en alles wat dienstig is tot de reklaam.
972 2869 1634 2956 Drukk. F. Janssens-Anthonis. — Antwerpen
