2056 3270
436 325 1507 458 Société Royale de Zoologie d'Anvers
224 438 1692 617 ̃ ̃ 1  ================= ==================
1580 571 1708 617 2,4
256 611 1644 708 Dimanche 6 Novembre 1904, à 3½ hs. de l'après-midi
243 765 1674 953 Concert de Symphonie
318 954 1595 1064 PAR L'ORCHESTRE DE LA SOCIÉTÉ
389 1058 1528 1184 sous la direction de M. EDWERD REURVE15
900 1153 1018 1270 &c
717 1267 1199 1413 programme
852 1422 1084 1509 1re PARTIE
224 1495 752 1599 I. Mireille (ouverture
1232 1506 1692 1604 CH. GOUNOD
219 1590 768 1683 2. Patrouille anglaise
1228 1591 1686 1681 G. AsCH
223 1668 553 1750 3. Mazurka.
1230 1661 1624 1756 PETER BENOIT
219 1743 876 1843 4. Les Dragon de Villars.
1228 1741 1604 1856 A. MAILLART
429 1810 1066 1911 (sélection par Jos. Dupont)
838 1905 1075 2002 2me PARTIE
1234 1971 1697 2084 C. M. VONWEBER
224 1987 953 2082 5. Der Freischütz (ouverture).
224 2070 1135 2161 6. Une fête à Aranjuez (fantaisie espagnole)
1239 2071 1695 2163 C. DE MERSMANN
1232 2144 1690 2241 ALEX. STADFFELD
228 2150 746 2237 7. Danse bohémienne
224 2236 1155 2329 8. Entrée des Nobles (opéra Tannhäuser)
1232 2225 1622 2323 RICH. WAGNER
224 2385 1683 2477 Mercredi 9, à 8 is. du soir : Concert avec le concours de Mlle Corinne CORYN
392 2444 593 2508 Violoniste.
232 2511 1692 2586 Mercredi 16 : Concert avec le concours de M, Ch. DANNEELS, Organiste,
385 2560 1219 2635 Professeur au Conservatoire Royal de Liége.
232 2659 1670 2747 N.-B. — On ne pourra retenir sous aucun prétexte des places non occupées.
265 2730 1679 2785 Du 3 décembre 1904 au 9 Janvier 1905 : Exposition Internationale d'Affiches
224 2769 1675 2832 christiques, Cartes postales illustrées, Timbres-postes, Chromos en tous genres,
232 2814 1146 2898 Images, Cartes à jouer et tous articles de réclame.
