2056 3270
491 268 1626 409 Koninklijke Maatschappij van Dierkunde
830 400 1303 489 VAN ANTWERPEN
330 442 1776 588 ̃ ̃ * * * r * * „ „ * * t * * • *
402 564 1706 683 Zondag 6 November 1904, te 3½ uren ’snamiddags
328 706 1776 925 Symionisch Concert
350 903 1752 1029 DOOR HET ORKEST DER MAATSCHAPPIJ
485 1007 1617 1121 onder de leiding van M. ED kan Deurvels
998 1110 1111 1234 86
794 1230 1276 1367 programma
969 1380 1146 1484 1e DEEL
319 1434 900 1544 1. Mireille (openingstuk)
1321 1473 1650 1560 CH. GOUNOD
307 1526 918 1619 2. Engelsche nachtronde
1323 1551 1549 1633 G. AsCH
318 1602 624 1690 3. Mazurka
1321 1626 1697 1712 PETER BENOIT
308 1683 958 1778 4. Les Dragon de Villars
1316 1701 1657 1798 A. MAILLART
509 1748 1261 1856 (bloemlezing door Joz. Dupont)
964 1847 1133 1936 2e DEEL
305 1929 1095 2024 5. Der Freischütz (opingstuk)
1325 1944 1774 2035 C. M. VONWEBER
307 2011 1245 2108 6. Een feest te Aranjuez (Spaansche, fantazie)
1312 2029 1768 2124 C. DE MERSMANN
319 2086 834 2175 7. Boheemsche dans
1310 2115 1774 2195 ALEX. STADTFELD
312 2168 1281 2281 8. Intocht der Edelen (zangspel Tannhäuser)
1310 2190 1697 2281 RICH. WAGNER
307 2329 1767 2422 Woensdag 9, te 8 uren's avonds : Concert met de medewerking van Mej.
460 2385 996 2449 Corinne CORYN, Violiste.
312 2435 1765 2524 Woensdag 16 : Concert met de medewerking van den Heer K. DANNEELS
464 2495 1478 2577 Leeraar aan het Koninklijk conservatorium van Luik.
299 2601 1757 2663 N-B.— Niet ingenomen plaatsen mogen onder geen voorwendsel voorbehouden
458 2633 624 2692 worden.
345 2685 1761 2759 Van 3 December 1904 tot 9 Januari 1905 : Wederlandsche Teutoonstelling van
297 2719 1761 2807 Kunstplakkaarten, Postkaarten, Postzegels, Kleurdrukwerken in allen aard,
288 2778 1429 2838 Beeldjes, Speelkaarten en alles wat dienstig is tot de reklaam.
1009 2827 1679 2924 Drukk. F. Janssens-Anthonis. — Antwerpen.
