2056 3270
429 202 1461 295 Société Royale de Zoologie d’Anvers
216 321 1668 432 ̃ ̃ * *  ================= ==================
383 429 1503 537 Mercredi 9 Novembre 1904, à 8 hs. du soir
235 572 1680 762 Concert de Symphonie
312 749 1591 845 PAR L'ORCHESTRE DE LA SCIÉTÉ
379 858 1512 933 sous la direction de M. accavo KEURVELS
693 942 1209 1023 ET AVEC LE CONCOURS DE
216 997 1686 1123 Mademoiselle Corinne CORYN, Violoniste.
902 1094 1006 1191 xx
724 1206 1191 1329 programme
1266 1338 1695 1444 CARL GOLDMARK
218 1343 852 1435 1. Penthésilée (ouverture)
302 1418 1475 1490 A) Penthésilée et Achille ; B) La fête des Roses ; c) combat et mort.
343 1490 1693 1536 Penthésilée, reine des Amazones, vint au secours des Troyens pendant la
224 1528 1686 1585 guerre de Troie et fut tuée par Achille. Celui-ci, lor: qu'il vit la jeune reine mou¬
225 1570 1382 1622 rante, fut frappé de sa beauté et ne put se défendre de l'aimer.
1268 1613 1684 1701 CARL GOLDMARK
288 1618 1131 1691 La Reine de Saba (fragments de l'opéra)
315 1686 936 1752 I. Nocturne et musique de fète.
310 1735 949 1801 II. Ballet : A) Danse des Bayadères
515 1756 1248 1836 B) La Danse des Abeilles par les Almées
520 1811 795 1880 c) Danse finale
1272 1856 1702 1941 CARL G ploivak
225 1867 1101 1946 3. Concerto pour violon etennestre
308 1922 1301 2019 A) Allegro moderato ; B) Andante (aria) ; c) Moderato.
462 1994 819 2065 Mlle C. CRYN
1272 2038 1660 2135 RICH. WAGNER
233 2058 847 2139 4. Eine Faust-Ouvertüre
377 2129 616 2212 Epigraphe:
310 2179 1129 2248 Le Dieu qui habite en mon sein peut soulever
317 2239 1132 2289 les tempêtes de mon âme ; lui qui trône sur
317 2281 1140 2325 toutes mes forces, est impuissant à les mouvoir
310 2318 1138 2360 au dehors; c'est pourquoi l’existence m’est un
317 2357 1131 2406 fardeau ; c’est pourquoi la vie m’ est odieuse.
315 2395 709 2459 et j'invoque la mort.
559 2413 1059 2511 (GOETHE.- FAUST : 1re partie)
1263 2459 1624 2578 JOH. S. BACH
231 2483 553 2578 5. Chaconne
464 2555 826 2635 Mlle C. CORYN
1268 2604 1662 2707 RICH. WAGNER
236 2617 1045 2732 6. La chevauchée des Walkyries
231 2758 1690 2861 Mercredi 16: Concert avec le concours de M. Ch. DANNEels, Organiste,
387 2844 1222 2914 Professeur au conservatoire Royal de Liége.
244 2927 1613 3007 N.-B. — On ne pourra retenir sous aucun prétexte des places non occupées.
273 3007 1701 3058 Du 3 décembre 1904 au 9 Janvier 1905 : Exposition Internationale d’Affiches
236 3046 1691 3139 artistiques, Cartes postales illustrées, Timbres-postes, Chromos eu tous genres,
249 3091 1158 3168 Images, Cartes à jouer et tous articles de réclame.
