2056 3270
506 157 1641 275 Koninklijke Maatschappij van Dierkunde
854 268 1313 364 VAN ANTWERPEN
357 342 1801 426 ̃ ̃ * * * „ „ * † „
453 437 1710 517 Woensdag 9 November 1904, te 8 uren ’s avonds
346 586 1768 763 Symlonisch Concer
375 761 1778 861 DOOR HET ORKEST DER MAATSCHAPPIJ
515 851 1645 932 onder de leiding van M. EDMARD REURVELS
792 932 1359 1007 EN MET DE MEDKWERKING VAN
450 998 1707 1102 Mejuffer Corinne CONYN, Violiste.
1024 1089 1127 1187 xx
827 1195 1295 1328 programma
342 1320 1025 1421 I. Penthesilea (öpeningstuk).
1381 1346 1803 1432 CARL G plomakk
423 1411 1564 1470 A) Penthesilea en Achilles, B) Het Rozenfeest; c) Kamp en dood.
466 1453 1805 1519 Penthesilea was de koningin der Amazonen, die in den trojaanschen oor og
348 1490 1803 1554 de Trojanen ter hulp kwam en door Achilles werd gedood; deze, toen hij de
337 1544 1577 1605 jonge schoone koningin zag sterven, ontglocide in liefde voor haar.
344 1595 973 1654 2. De Koningin van Saba.
1390 1584 1812 1674 CARL GOLDMienk
541 1643 1144 1721 (brokken uit het zangspel,
432 1705 989 1758 I. Nachtzang en feestmuziek
423 1741 1113 1803 II. Dansspel : a) Dans der Bajadeeren
674 1794 1158 1854 B) Bieëndans der Almeeën
674 1830 891 1892 c) Slotdans
339 1876 1111 1958 3. Concerto voor viool en orkest
1390 1874 1807 1961 CARL GOLDMienK
415 1947 1406 2020 A) allegro moderato; B) Andante (aria) ; c) Moderato.
572 1992 934 2071 Mej. C. CORYN
339 2060 956 2147 4. Eine Faust-Ouvertüre
1381 2049 1774 2145 RICH. WAGNER
506 2116 705 2191 Opschrift:
415 2189 1073 2236 De God, die in mijn boezem woont,
415 2235 1069 2284 Kan diep mijn binnenste bewegen ;
424 2269 1036 2318 Die over al mijn krachten troont,
423 2309 1076 2351 Die kan naar buiten niets bewegen.
415 2342 1164 2393 Zoo is ’t dat mij het daarzijn tegenstaat.
423 2384 1277 2466 De dood gewenscht is en het leven mij gehaat
694 2424 1175 2504 (GÆTHE.- FAUST : 1ste deel).
401 2462 681 2552 Chaconne
1375 2468 1732 2559 JOH. S. BACH
574 2539 936 2615 Mej. C. CORYN
331 2603 738 2683 6. Walkurenrit
1386 2586 1770 2690 RICH. WAGNER
335 2736 1799 2817 Woensdag 16 : Concert met de medewerking van den Heer K. DANNEELS,
492 2796 1665 2867 Orgelist, Leeraar aan het Koninklijk conservatorium van Luik.
342 2885 1792 2960 N-B.— Niet ingenomen plaatsen mogen onder geen voorwendsel voorbehouden
503 2938 661 2990 worden.
377 2969 1783 3036 Van 3 December 1904 tot 9 Januari 1905 : Wederlandsche Tentoonstelling van
333 3027 1783 3085 Kunstplakkaarten, Postkaarten, Postzegels, Kleurdrukwerken in allen aard,
333 3072 1461 3133 Beeldjes, Speelkaarten en alles wat dienstig is tot de reklaam.
1036 3114 1701 3198 Drukk. F. Janssens-Anthonis. — Antwerpen
