2056 3270
501 304 1540 419 Société Royale de Zoologie d’Anvers
285 479 1743 561 ̃' ̃  ==================̃
313 576 1723 695 Dimanche 13 Novembre 1904, à 3½ hs. de l'après-midi
300 724 1743 929 Concert de Symphonie
377 922 1657 1015 PAR L’ORCHESTRE DE LA SOCIÉTÉ
443 1039 1580 1156 sous la direction de M. EDMARD REURVEIS
953 1134 1072 1247 &C
772 1244 1258 1401 programme
905 1388 1136 1490 1re PARTIE
280 1463 764 1564 I. Marche grecque
1357 1474 1624 1578 L. GANNE
272 1567 1020 1653 2. Ein Morgen, ein Mittag und
602 1644 1752 1732 ein Abend in Wien (ouverture) FR. VON SuppÉ
276 1715 750 1807 3. Faust (sélection)
1361 1719 1690 1816 CH. GOUNOD
1368 1779 1743 1929 VICTOR ROGER
282 1801 1116 1909 4. La Camargo (danse bohémienne)
889 1909 1134 1990 2me PARTIE
276 1995 1048 2090 5. Marche aux flambeaux (n° 1)
1364 1982 1759 2090 G. MEYERBEER
276 2085 1125 2184 6. La Muette de Portici (ouverture)
1359 2088 1692 2178 D. F. AUBER
280 2171 722 2271 7. Reminiscences
1344 2171 1717 2264 J. OFFENBACH
276 2248 1015 2357 8. Le beau Danube bleu (valse)
1353 2253 1699 2372 JOH. STRAUSS
272 2410 1725 2516 Mercredi 16 : Concert avec le concours de M. Ch. DANNEELS, Organiste,
428 2493 1260 2569 Professeur au conservatoire Royal de Liége.
276 2599 1646 2668 N.-B. — On ne pourra retenir sous aucun prétexte des places non occupées.
305 2664 1739 2721 Du 3 décembre 1904 au 9 Janvier 1905: Exposition Internationale d’Affiches
267 2708 1734 2780 christiques, Cartes postales illustrées, Timbres-postes, Chromos eu tous genres,
267 2763 1189 2862 Images, Cartes à jouer et tous articles de réclame
