2056 3270
494 324 1632 424 Koninklijke Maatschappij van Dierkunde
847 433 1302 515 VAN ANTWERPEN
344 483 1792 603 1 1/2 1/3 1/4 ̃ + fl * * „ „ *
392 599 1747 728 Zondag 13 November 1904, te 3½ uren ’s namiddags
342 745 1745 971 Symionisch Concer
361 954 1781 1055 DOOR HET ORKEST DER MAÄTSCHAPPIJ
497 1060 1630 1144 onder de leiding van M. EDWERD REURVELS
1005 1140 1129 1284 xx
814 1266 1293 1402 programma
985 1393 1166 1482 1e DEEL
328 1477 869 1583 I. Grieksche marsch
1411 1490 1694 1592 L GANNE
333 1579 1093 1676 2. Ein Morgen, ein Mittag und
605 1648 1810 1756 ein Abend in Wien (openingstuk) FR. VON SuppÉ
330 1741 883 1830 3. Faust (bloemlezing)
1428 1741 1765 1834 CH. GOUNOD
1428 1823 1801 1943 VICTOR ROGER
330 1818 1180 1936 4. La Camargo (Boheemsche dans)
989 1929 1166 2011 2e DEEL
333 1985 869 2096 5. Fakkeltocht (nr 1)
1428 2016 1801 2098 G. MEYERBEER
333 2093 1246 2207 6. La Muette de Portici (openingstuk)
1422 2098 1756 2189 D. F. AUBER
333 2189 774 2277 7. Herinneringen
1419 2189 1792 2275 J. OFFENBACH
335 2269 1195 2375 8. De schoone blauwe Donau (wals)
1419 2280 1774 2364 JOH. STRAUSS
348 2420 1801 2512 Woensdag 16 : Concert met de medewerking van den Heer K. DANNEELS,
494 2497 1668 2557 Orgelist, Leeraar aan het Koninklijk conservatorium van Luik.
339 2599 1803 2661 N-B.— Niet ingenomen plaatsen mogen onder geen voorwendsel voorbehouden
495 2644 656 2714 worden.
381 2692 1792 2759 Van 3 December 1904 tot 9 Januari 1905: Wederlandsche Teutoonstelling van
341 2743 1801 2823 Kunstplakkaarten. Postkaarten, Postzegels, Kleurdrukwerken in allen aard,
339 2807 1477 2872 Beeldjes, Speelkaarten en alles wat dienstig is tot de reklaam.
1045 2858 1714 2950 Drukk. F. Janssens-Anthonis. — Antwerpen.
