2056 3270
449 288 1570 376 Koninklijke Maatschappij van Dierkunde
790 390 1252 497 VAN ANTWERPEN
291 467 1728 574 ̃ ̃ * * * r * * a * * „ * * - * *
379 574 1666 660 Woensdag 16 November 1904, te 8 uren ’s avonds
286 651 1143 887 Symfonisch
1191 711 1671 863 Concer
319 892 1721 982 DOOR HET ORKEST DER MAATSCHAPPIJ
453 975 1583 1072 onder de leiding van M. EDWERD REURVELS
744 1050 1305 1131 EN MET DE MEDEWERKING VAN
282 1118 1752 1215 den Heer Karel DANNEELS, Orgelist,
528 1200 1528 1305 Leeraar aan het Koninklijk conservatorium van Luik.
966 1283 1078 1391 86
768 1400 1242 1528 programma
297 1550 872 1635 I. Oberon ( openingstuk)
1275 1537 1735 1633 C. M. VONWEBER
290 1629 1171 1695 2. 1ste Concerto voor orgel en orkest.
1275 1620 1642 1715 G. F. HAENDEL
297 1706 859 1796 3. Lohengrin (voorspel)
1275 1695 1662 1792 RICH. WAGNER
297 1789 946 1869 4. Drie stukken voor orgel
365 1847 720 1922 A) Stuk in H moll
1272 1832 1686 1915 ROB. SCHUMANN
1268 1904 1583 1977 A. CHAUVET
363 1909 630 1979 B) Andante
1275 1948 1759 2040 FEL. MENDELISOHN
368 1966 872 2041 c) Koraal met variatien
363 2032 907 2109 3e Symfonie (in C moll)
1275 2030 1743 2131 CAM. SAINT-SAENS
550 2098 920 2172 Orgel en orkest
412 2151 1248 2223 1. Adagio.-Allegro moderato. - Poco Adamio.
420 2201 1545 2283 2. allegro moderato.- Presto.- Allegro moderato.- Maestoso.
302 2276 946 2353 6. Drie stukken voor orgel
368 2340 669 2406 A) Intermezzo
1301 2382 1607 2465 CH. WIDOR
368 2401 588 2472 r) Adagio
370 2459 876 2527 c) Slot der 5e Symfonie
1308 2509 1743 2598 HECTOR BERLIOZ
312 2531 902 2611 7. Kongaarsche marsch
544 2576 1206 2664 (uit La Damnation de Faust,
310 2697 1765 2765 N-B — Niet ingenomen plaatsen mogen onder geen voorwendsel voorbehouden
464 2751 612 2807 worden
343 2784 1765 2866 Van 3 December 1904 tot 9 Januari 1905 : Wederlandsche Teutoonstelling van
312 2851 1767 2925 Kunstplakkaarten, Postkaarten, Postzegels, Kleurdrukwerken in allen aard,
302 2901 1439 2989 Beeldjes, Speelkaarten en alles wat dienstig is tot de reklaam.
1013 2943 1686 3040 Drukk. F. Janssens-Anthonis. — Antwerpen.
