2056 3270
485 318 1517 458 Société Royale de Zoologie d'Anvers
266 471 1719 564 ̃ ̃̃ t * * r * * * t * M * * a * *
416 579 1573 684 Mercredi 23 Novembre 1904, à 8 hs. du soir
288 735 1721 940 Concert de Symphonie
356 953 1632 1073 PAR L’ORCHESTRE DE LA SOCIÉTÉ
429 1062 1562 1175 sous la direction de M. EDMARD REURVELS
938 1153 1049 1287 H
759 1290 1237 1453 programme
270 1462 812 1560 I. Ouverture festivale
1287 1445 1642 1546 H. VAELPUT
265 1566 1066 1661 2. Balder (esquisse symphonique)
1285 1544 1703 1679 JUL. VAN ETSEN
427 1646 692 1716 1re exécution.
265 1725 750 1818 3. A) Dans le jardin
1301 1716 1624 1812 G. HUBERTI
1290 1798 1701 1900 EDW. REURV déLS
330 1820 1192 1903 B) Parisina (introduction du 2e acte).
422 1893 1051 1966 Rêve d'amour sur le lac de Lugano
1296 1942 1644 2044 PAUL GILSON
339 1944 803 2057 c) Danse écossaise
276 2037 1137 2144 4. Renouveau (poème symphonique).
1296 2037 1695 2161 FLOR ALPAERTS
423 2128 694 2197 1re exécution.
266 2219 748 2305 5. Marche du sacre
1285 2194 1732 2307 EMILE WAMBACH
266 2393 1734 2508 Mercredi 30 November : Concert avec le concours de Mlle Danielle
425 2473 1035 2550 PATERNOSTER, Cantatrice.
279 2582 1641 2650 N.-B. —On ne pourra retenir sous aucun prétexte des places non occupées.
316 2664 1725 2723 Du 3 décembre 1904 au 9 Janvier 1905 : Exposition Internationale d’Affiches
274 2710 1719 2765 artistiques, Cartes postales illustrées, Timbres-postes, Chromos eu tous genres,
274 2750 1194 2840 Images, Cartes à jouer et tous articles de réclame.
