2056 3270
935 352 1235 453 Balden
469 504 1818 563 L’Ase Balder, fils d’Odin et de Frigga, habitait dans Gimle (le ciel) un
359 561 1818 632 endroit séparé, nommé Breidablik. — De son visage rayonnaient la bonté et la
356 608 1118 660 sagesse et chacun l’aimait pour sa bonté.
476 638 1818 706 Un songe, cependant, lui prédit sa mort. Pour parer à ce sort, Frigga obtient
356 700 1811 764 de tous les êtres le serment qu’ils ne feront aucun mal à Balder, et, de la sorte
363 749 1034 812 elle réussit à le rendre invulnérable.
478 786 1818 854 Mais Loki, l’esprit du mal, parvient à savoir qu’elle négligea une seule
363 839 1820 898 plante, parce qu’elle la considérait comme trop chétive pour pouvoir nuire : la
359 902 1818 958 branche de qui. — Il taille une flèche de cet arbuste et lorsque, sur l’invitation
365 940 1823 1001 de Frigga, tous les Ases lancent leurs flèches contre Balder et se convainquent de
356 995 1820 1057 son invulnérabilité, Loki donne la sienne à l’Ase aveugle Hoder, dirige son bras
359 1035 1252 1107 sur Balder et le tue ainsi par la main de Hoder.
478 1081 1818 1160 Nanna, la femme de Balder, meurt de douleur ; les corps des deux époux
359 1131 1477 1189 sont incinérés en grande pompe. Tout pleure et se lamente.
476 1173 1818 1241 Touché par la douleur de Frigga, l’Ase Hermodes part pour le séjour de
363 1213 1818 1279 Héla, pour reconduire Balder au royaume des Ases. Héla lui promet de laisser
356 1277 1820 1340 Balder s’en retourner, à la condition que tout ce qui existe verse une larme sur
359 1329 531 1387 sa mort.
469 1371 1823 1446 Et cela arrive ainsi, à l’exception de la sorcière Thoke (obscurité) qui
350 1415 916 1493 refuse, et Balder ne revit pas.
1043 1521 1131 1624 d.
940 1662 1252 1772 Balder
469 1798 1829 1886 De Ase Balder, zoon van Odin en Frigga, bewoonde in Gimle (hemel) eene
365 1880 1829 1935 afzonderlijke plaats, Breidablik genaamd. — Zijn gelaat straalde in schoon- en
370 1924 1482 1999 wijshei’s en iedereen droeg hem liefde toe em zijne goedheid.
476 1963 1831 2034 Een droom verkondt hem echter zijn dood. — Om dit noodlot af te weren,
363 2019 1829 2078 doet Frigga alle wezens zweren dat zij Balder geen leed zullen doen, en zoo
363 2078 1171 2131 gelukt zij erin hem onkwetsbaar te maken.
482 2120 1832 2175 Loki, de geest van het kwade, komt echter te weten dat zij een enkel
365 2179 1823 2236 gewas verwaarloosde, omdat zij het te gering schatte en voor onschaadlijk hield
370 2219 1834 2281 de misteltwijg. — Hij maakt zich uit deze straik een pijl en als, op uitnoodiging
370 2269 1827 2318 van Frigga, al de Asen op Balder hunne pijlen afschieten en zich van zijne
368 2316 1836 2384 onkwetsbaarheid overtuigen, geeft Loki de zijne aan den blinde Ase Hoder,richt
368 2364 1422 2421 diens arm op Balder en doodt hem alzoo door diens hand.
482 2380 1832 2474 Balder’s vrouw, Nanna, sterft van verdriet : hun beider lijk wordt met
365 2463 1239 2518 groote plecht verbrand. Alles weent en klaagt.
482 2481 1832 2556 Getroffen door Frigga’s smart vertrekt de Ase Hermodes naar Hela, ten
363 2556 1832 2609 einde Balder terug in het rijk der Asen te voeren. Hela belooft hem Balder te
368 2600 1827 2681 laten terugkeeren, ingeval dat al wat bestaat een traan plenge om zijnen dood
487 2653 1832 2707 Dit geschiedt met uitzondering van de heks Thoke (duisternis) die
363 2690 979 2776 weigert, en Balder herleeft niet.
