<?xml version="1.0" encoding="UTF-8" standalone="yes"?>
<PcGts xmlns="http://schema.primaresearch.org/PAGE/gts/pagecontent/2013-07-15" xmlns:xsi="http://www.w3.org/2001/XMLSchema-instance" xsi:schemaLocation="http://schema.primaresearch.org/PAGE/gts/pagecontent/2013-07-15 http://schema.primaresearch.org/PAGE/gts/pagecontent/2013-07-15/pagecontent.xsd">
    <Metadata>
        <Creator>prov=READ-COOP:name=TrHtr:version=2.18.1:model_id=51170:date=16_10_2024_05:36</Creator>
        <Created>2024-10-15T15:15:22.897+02:00</Created>
        <LastChange>2024-10-16T05:36:30.575+02:00</LastChange>
        <TranskribusMetadata docId="4641973" pageId="80334377" pageNr="228" tsid="193993571" status="IN_PROGRESS" userId="131016" imgUrl="https://files.transkribus.eu/Get?id=TMOCSCODQAAODHSQMAHKGJKE&amp;fileType=view" xmlUrl="https://files.transkribus.eu/Get?id=WQDVABGVPUYVLRTNOZXLLZGR" imageId="65795020"/>
    </Metadata>
    <Page imageFilename="0228_kca-srdda-cpr1904-030901108875-tx-00228.jpg" imageWidth="2056" imageHeight="3270">
        <ReadingOrder>
            <OrderedGroup id="ro_1757315646872" caption="Regions reading order">
                <RegionRefIndexed index="0" regionRef="tr_2"/>
                <RegionRefIndexed index="1" regionRef="tr_1"/>
            </OrderedGroup>
        </ReadingOrder>
        <TextRegion id="tr_2" custom="readingOrder {index:0;}">
            <Coords points="498,311 1593,311 1593,794 498,794"/>
            <TextLine id="tr_2_tl_1" custom="readingOrder {index:0;}">
                <Coords points="1357,376 1377,377 1400,393 1435,393 1499,364 1517,374 1564,368 1578,380 1591,378 1592,291 1538,297 1525,286 1506,286 1488,296 1457,277 1446,282 1418,268 1404,275 1386,268 1358,283"/>
                <Baseline points="1363,366 1369,366 1414,363 1458,361 1503,361 1548,361 1593,361"/>
                <TextEquiv>
                    <Unicode>Pari</Unicode>
                </TextEquiv>
            </TextLine>
            <TextLine id="tr_2_tl_2" custom="readingOrder {index:1;}">
                <Coords points="745,436 942,421 990,438 1017,422 1046,436 1110,424 1158,450 1189,428 1245,437 1244,342 1152,368 1070,342 1005,362 950,339 881,364 804,342 744,363"/>
                <Baseline points="751,417 754,417 799,411 844,411 889,408 933,408 978,411 1023,411 1068,411 1112,414 1157,417 1202,417 1247,414"/>
                <TextEquiv>
                    <Unicode>Herleving!</Unicode>
                </TextEquiv>
            </TextLine>
            <TextLine id="tr_2_tl_3" custom="readingOrder {index:2;}">
                <Coords points="492,612 546,626 579,612 694,626 744,611 787,632 839,612 1000,625 1000,569 936,560 886,574 780,555 719,576 667,558 563,576 492,562"/>
                <Baseline points="498,602 543,602 587,602 632,602 677,602 722,602 766,605 811,602 856,602 901,602 945,605 990,608 1002,608"/>
                <TextEquiv>
                    <Unicode>Een lichte, blijde Meiedag,</Unicode>
                </TextEquiv>
            </TextLine>
            <TextLine id="tr_2_tl_4" custom="readingOrder {index:3;}">
                <Coords points="501,667 554,690 583,671 657,692 743,671 1081,686 1139,681 1139,613 1071,635 501,628"/>
                <Baseline points="507,659 551,662 596,662 641,662 686,662 730,662 775,662 820,662 865,662 909,662 954,662 999,665 1044,662 1089,662 1133,665 1142,665"/>
                <TextEquiv>
                    <Unicode>Met bloemenkleur en feestgerucht</Unicode>
                </TextEquiv>
            </TextLine>
            <TextLine id="tr_2_tl_5" custom="readingOrder {index:4;}">
                <Coords points="503,727 1160,744 1159,692 1134,680 823,679 771,700 724,681 502,687"/>
                <Baseline points="510,716 554,719 599,719 644,719 689,719 733,719 778,719 823,719 868,719 912,719 957,722 1002,722 1047,722 1091,722 1136,725 1163,727"/>
                <TextEquiv>
                    <Unicode>Van zwermen vogels door de lucht,</Unicode>
                </TextEquiv>
            </TextLine>
            <TextLine id="tr_2_tl_6" custom="readingOrder {index:5;}">
                <Coords points="497,796 575,811 598,794 896,791 943,817 998,792 1152,812 1199,792 1199,761 1153,743 859,757 771,741 700,760 609,733 497,751"/>
                <Baseline points="504,778 548,778 593,778 638,778 683,778 727,781 772,778 817,781 862,781 907,778 951,781 996,778 1041,781 1086,781 1130,781 1175,781 1202,784"/>
                <TextEquiv>
                    <Unicode>En luiden jubel, zonnig hellen lach.</Unicode>
                </TextEquiv>
            </TextLine>
        </TextRegion>
        <TextRegion id="tr_1" custom="readingOrder {index:1;}">
            <Coords points="504,854 1461,854 1461,1886 504,1886"/>
            <TextLine id="tr_1_tl_1" custom="readingOrder {index:0;}">
                <Coords points="497,911 1241,922 1241,858 1143,884 1100,855 717,881 497,858"/>
                <Baseline points="504,904 548,904 593,907 638,907 683,907 727,907 772,907 817,907 862,907 907,907 951,907 996,907 1041,907 1086,907 1130,907 1175,907 1220,907 1244,909"/>
                <TextEquiv>
                    <Unicode>Het jubelend licht uitstroomend overal</Unicode>
                </TextEquiv>
            </TextLine>
            <TextLine id="tr_1_tl_2" custom="readingOrder {index:1;}">
                <Coords points="503,978 1209,977 1209,941 1142,930 563,945 503,929"/>
                <Baseline points="510,963 554,963 599,963 644,963 689,963 733,963 778,963 823,966 868,963 912,966 957,966 1002,966 1047,966 1091,966 1136,966 1181,966 1211,972"/>
                <TextEquiv>
                    <Unicode>De witte zonnewolken, donzig-blank;</Unicode>
                </TextEquiv>
            </TextLine>
            <TextLine id="tr_1_tl_3" custom="readingOrder {index:2;}">
                <Coords points="503,1031 1360,1033 1344,981 1014,1003 936,980 677,1002 503,980"/>
                <Baseline points="510,1020 554,1023 599,1023 644,1023 689,1023 733,1023 778,1023 823,1023 868,1023 912,1023 957,1023 1002,1023 1047,1023 1091,1023 1136,1023 1181,1023 1226,1023 1271,1023 1315,1026 1360,1029 1363,1029"/>
                <TextEquiv>
                    <Unicode>En zilyren lichtgespeel van elken zonnesprank</Unicode>
                </TextEquiv>
            </TextLine>
            <TextLine id="tr_1_tl_4" custom="readingOrder {index:3;}">
                <Coords points="503,1095 922,1096 978,1121 1037,1090 1207,1121 1331,1086 1405,1104 1404,1046 502,1048"/>
                <Baseline points="510,1083 554,1083 599,1080 644,1080 689,1080 733,1083 778,1083 823,1083 868,1083 912,1083 957,1083 1002,1080 1047,1083 1091,1083 1136,1083 1181,1083 1226,1083 1271,1083 1315,1083 1360,1086 1405,1089 1408,1089"/>
                <TextEquiv>
                    <Unicode>Op stoeiende kabbelgolfjes tusschen groenen wal.</Unicode>
                </TextEquiv>
            </TextLine>
            <TextLine id="tr_1_tl_5" custom="readingOrder {index:4;}">
                <Coords points="503,1216 1306,1233 1305,1180 1212,1158 1106,1186 1029,1158 667,1185 567,1159 502,1185"/>
                <Baseline points="510,1205 554,1208 599,1205 644,1205 689,1205 733,1208 778,1208 823,1208 868,1208 912,1208 957,1208 1002,1208 1047,1208 1091,1208 1136,1208 1181,1208 1226,1208 1271,1211 1309,1220"/>
                <TextEquiv>
                    <Unicode>Al kleur en tint zoo jong en levenskrachtig</Unicode>
                </TextEquiv>
            </TextLine>
            <TextLine id="tr_1_tl_6" custom="readingOrder {index:5;}">
                <Coords points="501,1268 695,1297 797,1272 1345,1290 1345,1219 1288,1247 1242,1226 501,1238"/>
                <Baseline points="507,1265 551,1265 596,1265 641,1265 686,1265 730,1265 775,1265 820,1265 865,1265 909,1265 954,1265 999,1265 1044,1268 1089,1268 1133,1268 1178,1268 1223,1268 1268,1268 1312,1271 1348,1273"/>
                <TextEquiv>
                    <Unicode>De hoogtij van een frissche, bloeiende jeugd,</Unicode>
                </TextEquiv>
            </TextLine>
            <TextLine id="tr_1_tl_7" custom="readingOrder {index:6;}">
                <Coords points="503,1330 698,1352 820,1331 1251,1341 1235,1287 975,1301 915,1280 863,1307 503,1291"/>
                <Baseline points="510,1321 554,1321 599,1324 644,1324 689,1324 733,1324 778,1324 823,1324 868,1324 912,1324 957,1324 1002,1324 1047,1327 1091,1324 1136,1324 1181,1324 1226,1327 1253,1330"/>
                <TextEquiv>
                    <Unicode>Na dorren, barren winter, Lentevreugd.</Unicode>
                </TextEquiv>
            </TextLine>
            <TextLine id="tr_1_tl_8" custom="readingOrder {index:7;}">
                <Coords points="507,1398 1238,1400 1237,1352 1198,1341 1097,1360 506,1345"/>
                <Baseline points="513,1381 557,1378 602,1378 647,1381 692,1381 736,1381 781,1381 826,1381 871,1384 915,1384 960,1384 1005,1384 1050,1384 1094,1384 1139,1384 1184,1384 1229,1390 1241,1387"/>
                <TextEquiv>
                    <Unicode>De eeuwige herleving, jong en machtig</Unicode>
                </TextEquiv>
            </TextLine>
            <TextLine id="tr_1_tl_9" custom="readingOrder {index:8;}">
                <Coords points="497,1506 684,1530 1235,1521 1234,1478 1168,1469 752,1481 712,1456 648,1483 576,1462 496,1483"/>
                <Baseline points="504,1503 548,1506 593,1506 638,1506 683,1506 727,1506 772,1509 817,1509 862,1509 907,1509 951,1509 996,1509 1041,1509 1086,1509 1130,1509 1175,1509 1220,1512 1238,1512"/>
                <TextEquiv>
                    <Unicode>Met al dien jubel mede, viert mijn hert</Unicode>
                </TextEquiv>
            </TextLine>
            <TextLine id="tr_1_tl_10" custom="readingOrder {index:9;}">
                <Coords points="503,1574 753,1578 793,1602 891,1575 962,1595 1002,1575 1237,1585 1235,1542 1182,1524 1066,1548 919,1526 760,1548 717,1522 599,1550 503,1530"/>
                <Baseline points="510,1566 554,1566 599,1566 644,1566 689,1569 733,1569 778,1569 823,1569 868,1569 912,1569 957,1569 1002,1569 1047,1569 1091,1569 1136,1572 1181,1572 1226,1575 1238,1575"/>
                <TextEquiv>
                    <Unicode>Zijn eigen hoogtij, zilvren vreugdelied,</Unicode>
                </TextEquiv>
            </TextLine>
            <TextLine id="tr_1_tl_11" custom="readingOrder {index:10;}">
                <Coords points="513,1636 1228,1648 1278,1637 1278,1585 1083,1605 938,1581 792,1603 513,1587"/>
                <Baseline points="519,1623 563,1623 608,1623 653,1623 698,1623 742,1623 787,1626 832,1626 877,1626 921,1626 966,1626 1011,1626 1056,1626 1100,1629 1145,1629 1190,1629 1235,1629 1279,1632 1282,1629"/>
                <TextEquiv>
                    <Unicode>Waarin vervagend bleekt alle oude smart</Unicode>
                </TextEquiv>
            </TextLine>
            <TextLine id="tr_1_tl_12" custom="readingOrder {index:11;}">
                <Coords points="513,1690 1458,1716 1458,1656 1413,1640 1293,1667 1207,1642 765,1662 513,1640"/>
                <Baseline points="519,1682 563,1682 608,1682 653,1682 698,1682 742,1682 787,1685 832,1682 877,1685 921,1685 966,1685 1011,1685 1056,1685 1100,1685 1145,1685 1190,1688 1235,1685 1279,1688 1324,1688 1369,1688 1414,1688 1458,1694 1461,1697"/>
                <TextEquiv>
                    <Unicode>En eenmaal nog het hart zijn vreugd hergeven ziet,</Unicode>
                </TextEquiv>
            </TextLine>
            <TextLine id="tr_1_tl_13" custom="readingOrder {index:12;}">
                <Coords points="497,1758 1411,1758 1410,1714 1327,1702 496,1704"/>
                <Baseline points="504,1739 548,1742 593,1742 638,1739 683,1742 727,1742 772,1742 817,1742 862,1742 907,1742 951,1745 996,1745 1041,1745 1086,1745 1130,1745 1175,1745 1220,1745 1265,1745 1309,1745 1354,1745 1399,1745 1414,1745"/>
                <TextEquiv>
                    <Unicode>En heel de jonge kracht, die allen weerstand tart</Unicode>
                </TextEquiv>
            </TextLine>
            <TextLine id="tr_1_tl_14" custom="readingOrder {index:13;}">
                <Coords points="503,1816 1430,1818 1429,1772 1370,1761 1158,1781 503,1756"/>
                <Baseline points="510,1799 554,1799 599,1799 644,1799 689,1799 733,1802 778,1799 823,1799 868,1799 912,1802 957,1802 1002,1802 1047,1802 1091,1802 1136,1802 1181,1802 1226,1802 1271,1805 1315,1805 1360,1805 1405,1805 1432,1805"/>
                <TextEquiv>
                    <Unicode>Door Liefde, die Geluk in het ál weerspiegeld ziet.</Unicode>
                </TextEquiv>
            </TextLine>
            <TextLine id="tr_1_tl_15" custom="readingOrder {index:14;}">
                <Coords points="1029,1886 1150,1882 1167,1893 1232,1873 1294,1892 1313,1878 1455,1888 1455,1846 1432,1838 1374,1846 1320,1831 1288,1845 1248,1831 1216,1848 1185,1831 1135,1841 1092,1822 1029,1842"/>
                <Baseline points="1035,1867 1080,1870 1124,1870 1169,1870 1214,1873 1259,1870 1303,1873 1348,1873 1393,1873 1438,1873 1458,1876"/>
                <TextEquiv>
                    <Unicode>JEANNE C. VAN LEYDEN.</Unicode>
                </TextEquiv>
            </TextLine>
        </TextRegion>
    </Page>
</PcGts>
