2056 3270
544 133 1586 254 Société Royale de Zoologie d'Anvers
330 274 1783 396 ̃ ̃ *  ==================̃̃
345 389 1759 467 Dimanche 27 Novembre 1904, à 3½ hs. de l'après-midi
350 493 1792 723 Concert de Symphonie
425 734 1701 818 PAR L'ORCHESTRE DE LA SOCIÉTÉ
491 829 1630 940 sous la direction de M. EDWERD REURVELS
996 929 1117 1062 &C
816 1044 1298 1173 programme
951 1166 1183 1261 1re PARTIE
327 1243 812 1350 I. Marche nuptiale
1332 1239 1659 1345 EUG. HUTοY
321 1334 1141 1425 2. Les Moisquetaires de la Reine
1334 1338 1615 1420 J. HALÉVY
522 1413 798 1495 (ouverture)
327 1475 982 1562 3. Le Dieu et la Bayadère
1332 1456 1699 1575 D. FR. AUBER
518 1544 1301 1648 (transcription par Ch. Hanssens)
336 1626 867 1737 4. Zigeuner-Serenade
1340 1621 1591 1719 W. NEHI.
944 1708 1188 1787 2me PARTIE
325 1781 805 1876 5. Jubel-Ouvertüre
1343 1778 1794 1882 C. M. VONWEBER
327 1867 1292 1966 6. Valse du drame lyrique Charlotte Corday
1338 1872 1710 1967 PETER BENOIT
318 1949 1186 2029 7. Peer Gynt (1re suite d'orchestre).
1338 1944 1641 2037 EDV. GRIEG
407 2004 1436 2095 a) Matin d’été dans les montagnes norwégiennes
407 2062 765 2121 b) La mort d’Ase
445 2088 1794 2154 La vieille Ase, mère de Peer, angonise. Le fils s’assied au pied du lit et
334 2146 1794 2194 conte à mère mourante une des mille légendes dont elle leberçait pendant son
339 2183 1579 2236 sommeil d’enfant Au dernier mot du conte, Ase expire doucement.
412 2217 845 2267 c) La danse d’Anitra.
454 2250 1794 2307 Dans la tente d’un chef arabe. Peer Gynt, se croyant Empereur et Prophète
336 2296 1785 2354 est étendu sur un divan. Anitra, fille du chef, et ses compagnes dansent et
336 2331 714 2387 chantent devant lui.
411 2358 1188 2424 d) Dans la halle du Roi des montagnes
440 2409 1792 2466 La cour du roi. Gnômes, esprits et lutins fêtent de leurs cris les françailles
332 2451 1785 2520 de Gynt avec la fille du roi. Subitement la caverne s’écroule. Tout disparait
336 2491 783 2555 dans un grand cri final.
325 2542 845 2637 8. Dansebohémienne
1332 2531 1717 2646 G. MEYERBEER
321 2694 1785 2770 Mercredi 30 November : Concert avec le concours de Mlle Danielle
478 2748 1097 2821 PATERNOSTER, Cantatrice.
330 2847 1697 2924 N.-B. — On ne pourra retenir sous aucun prétexte des places non occupées.
369 2896 1783 2967 Du 10 décembre 1904 au 9 Janvier 1905 : Exposition Internationale d'Affiches
327 2958 1785 3013 artistiques, Cartes postales illustrées, Timbres-postes, Chromos eu tous genres,
332 2993 1245 3079 Images, Cartes à jouer et tous articles de réclame.
