2056 3270
376 84 1532 191 Koninklijke Maatschappij van Dierkunde
723 198 1198 305 VAN ANTWERPEN
225 293 1672 393 ̃ ̃̃"̃ "̃- 1  ==================̃
276 396 1625 493 Zondag 27 November 1904, te 3½ uren ’snamiddags
225 480 1632 694 Symfonisch Concer
254 734 1663 825 DOOR HET ORKEST DER MAATSCHAPPIJ
385 843 1523 914 onder de leiding van M. ED kan Deurvels
900 905 1012 1027 etc.
700 1018 1174 1160 programma
889 1170 1045 1238 1e DEEL
225 1230 709 1327 I. Bruiloftsmarsch
1227 1216 1558 1329 EUG. HUTOY
225 1310 1043 1399 2. Les Mausquetaires de la Reine
1225 1312 1507 1407 J. HALÉVY
427 1376 747 1456 (opingstuk)
227 1432 876 1527 3. Le Dieu et la Bayadère
1238 1432 1601 1523 D. FR. AUBER
425 1510 1180 1581 (bloemlezing door K. Hanssens
234 1559 762 1667 4. Zigeuner-Serenade
1249 1565 1498 1678 W. NEHL
880 1625 1052 1734 2° DEEL
225 1712 725 1821 5. Jubel-Ouvertüre
1243 1728 1698 1823 C. M. VONWEBER
234 1798 460 1879 6. Wals
1232 1796 1610 1896 PETER BENOIT
431 1832 1347 1945 (uit het lyrisch drama Charlotte Corday)
231 1919 905 2001 7. Peer Gynt (1e orkestsuite)
1238 1928 1552 2008 EDV. GRIEG
305 1979 1298 2059 « Zomermorgen in het Noorweegsche gebergte.
304 2032 598 2088 b) Ase's dood
353 2059 1690 2117 Ase, de oude moeder van Peer, ligt te zieltogen. Bij het bed gezeten zijnen
231 2110 1692 2157 stervende moeder, vertelt Gynt haar een der menigvuldigelegenden, waarmede
231 2145 1687 2205 zij hem in zijne kindscheid zoo vaak wiegde. Als het vertelsel eindigt, ontslaap
240 2190 329 2248 Ase.
304 2203 669 2277 c) Anitra's dans
345 2268 1683 2315 Peer Gynt verbeeldt zich Keizer en Profeet te zijn. In de tent van een Ara
231 2283 1683 2350 bisch opperhoofd, ligt hij uitgestrekt op een divan. Anitra, dochter van den hoofd
231 2343 1249 2401 man, en hare gezellinnen, dansen en zingen voor hem.
311 2385 1016 2435 d) In de halle van den Bergkoning.
353 2415 1692 2470 Aan het koninklijk hof. Berggeesten en Kahouters vieren hij dans en
231 2461 1694 2515 vreugdegeroep de verlowing van Peer Gynt met’s konings dochter. De krocht
227 2495 1376 2559 stort in en alles verzwindt bij eenen laatsten ruwen schreeuw.
234 2541 752 2635 8. Boheemsche dans
1240 2543 1621 2628 G. MEYERBER
240 2655 1694 2755 Woensdag 30 November : Concert met de medewerking van Mej. Danielle
385 2728 976 2793 PATERNOSTER, Zangeres.
231 2815 1678 2897 N-B.— Niet ingenomen plaatsen mogen onder geen. voorwendsel voorbehouden
393 2853 547 2904 worden
276 2897 1678 2953 Van 10 December 1904 tot 9 Januari 1905: Wederlandsche Teutoonstelling van
231 2937 1683 2999 Kunstplakkaarten, Postkaarten, Postzegels, Kleurdrukwerken in allen aard,
231 2988 1347 3073 Beeldjes. Speelkaarten en alles wat dienstig is tot de reklaam
947 3061 1612 3130 Drukk. F. Janssens-Anthonis. — Antwerpen.
