<?xml version="1.0" encoding="UTF-8" standalone="yes"?>
<PcGts xmlns="http://schema.primaresearch.org/PAGE/gts/pagecontent/2013-07-15" xmlns:xsi="http://www.w3.org/2001/XMLSchema-instance" xsi:schemaLocation="http://schema.primaresearch.org/PAGE/gts/pagecontent/2013-07-15 http://schema.primaresearch.org/PAGE/gts/pagecontent/2013-07-15/pagecontent.xsd">
    <Metadata>
        <Creator>prov=READ-COOP:name=TrHtr:version=2.18.1:model_id=51170:date=16_10_2024_05:36</Creator>
        <Created>2024-10-15T15:15:23.760+02:00</Created>
        <LastChange>2024-10-16T05:36:32.144+02:00</LastChange>
        <TranskribusMetadata docId="4641973" pageId="80334395" pageNr="237" tsid="193993580" status="IN_PROGRESS" userId="131016" imgUrl="https://files.transkribus.eu/Get?id=XWBQWUWALXAJLZMRDFQTRSHR&amp;fileType=view" xmlUrl="https://files.transkribus.eu/Get?id=RUSXUWDKLBLZWRCQMAXCBJWT" imageId="65795116"/>
    </Metadata>
    <Page imageFilename="0237_kca-srdda-cpr1904-030901108875-tx-00237.jpg" imageWidth="2056" imageHeight="3270">
        <ReadingOrder>
            <OrderedGroup id="ro_1757315648692" caption="Regions reading order">
                <RegionRefIndexed index="0" regionRef="tr_3"/>
                <RegionRefIndexed index="1" regionRef="tr_1"/>
                <RegionRefIndexed index="2" regionRef="tr_2"/>
            </OrderedGroup>
        </ReadingOrder>
        <TextRegion id="tr_3" custom="readingOrder {index:0;}">
            <Coords points="322,325 1766,325 1766,1131 322,1131"/>
            <TextLine id="tr_3_tl_1" custom="readingOrder {index:0;}">
                <Coords points="467,377 788,429 905,390 1125,434 1219,396 1572,407 1598,304 770,335 524,302 467,328"/>
                <Baseline points="477,375 522,378 566,378 611,378 656,378 701,378 745,381 790,381 835,381 880,381 924,381 969,381 1014,381 1059,384 1103,384 1148,381 1193,384 1238,381 1282,381 1327,378 1372,378 1417,378 1461,381 1506,381 1551,381 1596,381 1602,381"/>
                <TextEquiv>
                    <Unicode>Koninklijke Maatschappij van Dierkunde</Unicode>
                </TextEquiv>
            </TextLine>
            <TextLine id="tr_3_tl_2" custom="readingOrder {index:1;}">
                <Coords points="814,513 876,519 918,502 1046,513 1065,495 1198,519 1231,500 1283,506 1283,434 1235,445 1202,427 1173,445 1121,432 1101,443 1059,425 1039,442 975,440 960,453 914,431 814,438"/>
                <Baseline points="823,489 841,489 886,489 930,489 975,489 1020,492 1065,489 1109,489 1154,489 1199,486 1244,486 1288,486"/>
                <TextEquiv>
                    <Unicode>VAN ANTWERPEN</Unicode>
                </TextEquiv>
            </TextLine>
            <TextLine id="tr_3_tl_3" custom="readingOrder {index:2;}">
                <Coords points="315,596 1761,610 1761,531 1695,517 315,539"/>
                <Baseline points="325,578 369,578 414,581 459,581 504,581 548,584 593,584 638,584 683,584 727,584 772,584 817,584 862,584 907,584 951,584 996,584 1041,584 1086,584 1130,584 1175,584 1220,584 1265,584 1309,584 1354,587 1399,587 1444,587 1488,587 1533,587 1578,587 1623,587 1667,587 1712,584 1757,584 1763,581"/>
                <TextEquiv>
                    <Unicode>( wenn von sekkäkkkkeväkkekkei, että-</Unicode>
                </TextEquiv>
            </TextLine>
            <TextLine id="tr_3_tl_4" custom="readingOrder {index:3;}">
                <Coords points="434,680 803,718 1653,704 1640,621 1407,643 1171,612 1056,652 982,618 434,629"/>
                <Baseline points="444,674 489,674 534,674 578,677 623,677 668,677 713,674 757,677 802,677 847,677 892,677 936,677 981,677 1026,677 1071,677 1115,677 1160,677 1205,680 1250,677 1294,677 1339,677 1384,677 1429,680 1473,677 1518,680 1563,677 1608,677 1652,677 1658,677"/>
                <TextEquiv>
                    <Unicode>VOENSDAG 7 DECEMBER 1904, TE 8 ½ UREN ’S AVONDS</Unicode>
                </TextEquiv>
            </TextLine>
            <TextLine id="tr_3_tl_5" custom="readingOrder {index:4;}">
                <Coords points="312,949 1222,892 1732,914 1761,759 1356,771 1213,865 1087,764 420,764 312,830"/>
                <Baseline points="322,892 366,889 411,895 456,892 501,889 545,892 590,892 635,892 680,892 725,892 769,892 814,892 859,892 904,892 948,892 993,892 1038,892 1083,892 1127,895 1172,895 1217,892 1262,892 1306,892 1351,892 1396,895 1441,892 1485,892 1530,895 1575,892 1620,895 1664,895 1709,898 1754,892 1766,892"/>
                <TextEquiv>
                    <Unicode>Symtonisch concert</Unicode>
                </TextEquiv>
            </TextLine>
            <TextLine id="tr_3_tl_6" custom="readingOrder {index:5;}">
                <Coords points="339,1028 434,1067 724,1032 1741,1052 1724,958 559,986 339,955"/>
                <Baseline points="349,1023 393,1026 438,1023 483,1026 528,1026 572,1029 617,1029 662,1026 707,1026 751,1026 796,1026 841,1029 886,1029 930,1029 975,1029 1020,1029 1065,1029 1109,1029 1154,1029 1199,1029 1244,1029 1288,1029 1333,1029 1378,1029 1423,1029 1467,1029 1512,1029 1557,1029 1602,1032 1646,1029 1691,1029 1736,1029 1745,1032"/>
                <TextEquiv>
                    <Unicode>DOOR HET ORKEST DER MAATSCHAPPIJ</Unicode>
                </TextEquiv>
            </TextLine>
            <TextLine id="tr_3_tl_7" custom="readingOrder {index:6;}">
                <Coords points="469,1123 706,1154 883,1121 1012,1154 1457,1120 1504,1154 1607,1140 1607,1072 469,1092"/>
                <Baseline points="480,1115 525,1118 569,1118 614,1118 659,1118 704,1118 748,1118 793,1118 838,1121 883,1118 927,1118 972,1121 1017,1121 1062,1121 1106,1118 1151,1118 1196,1118 1241,1118 1285,1118 1330,1118 1375,1118 1420,1118 1464,1118 1509,1121 1554,1121 1599,1118 1611,1118"/>
                <TextEquiv>
                    <Unicode>onder de leiding van M. ED kan Deurvels</Unicode>
                </TextEquiv>
            </TextLine>
        </TextRegion>
        <TextRegion id="tr_1" custom="readingOrder {index:1;}">
            <Coords points="313,1185 1751,1185 1751,1934 313,1934"/>
            <TextLine id="tr_1_tl_1" custom="readingOrder {index:0;}">
                <Coords points="982,1281 1010,1285 1032,1268 1050,1277 1096,1281 1096,1167 1087,1167 1068,1153 1057,1158 1030,1153 1023,1160 1010,1153 982,1156"/>
                <Baseline points="993,1235 1038,1235 1083,1235 1100,1235"/>
                <TextEquiv>
                    <Unicode>etc.</Unicode>
                </TextEquiv>
            </TextLine>
            <TextLine id="tr_1_tl_2" custom="readingOrder {index:1;}">
                <Coords points="795,1385 825,1393 850,1376 896,1402 940,1395 966,1409 1078,1380 1134,1396 1180,1378 1272,1387 1272,1294 1244,1288 1197,1323 1118,1308 1072,1327 971,1301 914,1325 856,1288 795,1297"/>
                <Baseline points="805,1375 829,1372 874,1369 918,1369 963,1372 1008,1372 1053,1372 1097,1369 1142,1369 1187,1369 1232,1369 1276,1369"/>
                <TextEquiv>
                    <Unicode>programma</Unicode>
                </TextEquiv>
            </TextLine>
            <TextLine id="tr_1_tl_3" custom="readingOrder {index:2;}">
                <Coords points="1281,1492 1332,1515 1362,1504 1415,1521 1471,1499 1503,1514 1559,1503 1581,1517 1600,1501 1746,1512 1746,1446 1697,1455 1627,1433 1605,1451 1515,1450 1462,1433 1343,1455 1281,1433"/>
                <Baseline points="1291,1488 1336,1491 1381,1494 1426,1491 1470,1494 1515,1494 1560,1494 1605,1494 1649,1494 1694,1494 1739,1494 1751,1494"/>
                <TextEquiv>
                    <Unicode>C. Joz. BRAMBACH</Unicode>
                </TextEquiv>
            </TextLine>
            <TextLine id="tr_1_tl_4" custom="readingOrder {index:3;}">
                <Coords points="306,1525 506,1506 616,1528 667,1501 770,1521 823,1495 997,1504 1023,1528 1081,1508 1175,1545 1175,1446 1023,1424 894,1462 773,1440 306,1462"/>
                <Baseline points="316,1494 328,1494 372,1494 417,1494 462,1491 507,1491 551,1491 596,1491 641,1491 686,1488 730,1491 775,1488 820,1488 865,1488 909,1491 954,1491 999,1488 1044,1491 1089,1491 1133,1491 1178,1491"/>
                <TextEquiv>
                    <Unicode>I. Ariadne ( openingstuk van het zangspel)</Unicode>
                </TextEquiv>
            </TextLine>
            <TextLine id="tr_1_tl_5" custom="readingOrder {index:4;}">
                <Coords points="1283,1596 1305,1592 1345,1613 1391,1594 1415,1603 1450,1581 1479,1596 1508,1589 1537,1611 1561,1602 1576,1611 1614,1589 1653,1594 1651,1536 1591,1547 1572,1530 1528,1545 1473,1519 1446,1545 1415,1545 1398,1530 1362,1548 1303,1523 1281,1530"/>
                <Baseline points="1291,1572 1336,1575 1381,1578 1426,1581 1470,1578 1515,1578 1560,1581 1605,1581 1649,1581 1658,1584"/>
                <TextEquiv>
                    <Unicode>W. A. MoZART</Unicode>
                </TextEquiv>
            </TextLine>
            <TextLine id="tr_1_tl_6" custom="readingOrder {index:5;}">
                <Coords points="302,1585 438,1607 625,1585 706,1605 753,1585 892,1603 916,1600 916,1537 731,1530 696,1552 533,1532 456,1550 383,1523 352,1554 302,1559"/>
                <Baseline points="313,1584 340,1584 384,1581 429,1578 474,1578 519,1578 563,1578 608,1578 653,1578 698,1578 742,1578 787,1578 832,1578 877,1575 921,1578"/>
                <TextEquiv>
                    <Unicode>2. IVe Symfonie (Jupiter).</Unicode>
                </TextEquiv>
            </TextLine>
            <TextLine id="tr_1_tl_7" custom="readingOrder {index:6;}">
                <Coords points="421,1649 575,1666 731,1647 1015,1662 1015,1603 988,1592 964,1607 935,1585 793,1618 718,1613 676,1589 612,1616 421,1605"/>
                <Baseline points="432,1643 438,1643 483,1643 528,1643 572,1643 617,1640 662,1640 707,1640 751,1640 796,1640 841,1637 886,1637 930,1637 975,1637 1020,1640"/>
                <TextEquiv>
                    <Unicode>A) allegro vivace ; B) Andante</Unicode>
                </TextEquiv>
            </TextLine>
            <TextLine id="tr_1_tl_8" custom="readingOrder {index:7;}">
                <Coords points="421,1721 546,1704 563,1719 607,1704 729,1721 779,1704 883,1724 909,1702 1015,1708 1015,1662 977,1647 896,1666 731,1647 696,1664 489,1653 421,1668"/>
                <Baseline points="432,1691 438,1691 483,1691 528,1691 572,1688 617,1688 662,1688 707,1688 751,1688 796,1688 841,1688 886,1688 930,1688 975,1688 1020,1688"/>
                <TextEquiv>
                    <Unicode>c) Allegretto; b) allegro molto.</Unicode>
                </TextEquiv>
            </TextLine>
            <TextLine id="tr_1_tl_9" custom="readingOrder {index:8;}">
                <Coords points="302,1778 334,1789 359,1779 387,1790 429,1774 464,1776 484,1789 519,1783 537,1800 559,1801 559,1704 537,1713 520,1706 478,1723 458,1719 443,1732 432,1721 399,1728 390,1719 302,1721"/>
                <Baseline points="313,1763 358,1763 402,1766 447,1763 492,1763 537,1763 563,1766"/>
                <TextEquiv>
                    <Unicode>3. Smart</Unicode>
                </TextEquiv>
            </TextLine>
            <TextLine id="tr_1_tl_10" custom="readingOrder {index:9;}">
                <Coords points="1281,1761 1446,1809 1548,1789 1570,1809 1600,1807 1682,1770 1710,1779 1710,1715 1690,1708 1642,1730 1558,1712 1479,1732 1437,1710 1281,1701"/>
                <Baseline points="1291,1763 1336,1763 1381,1763 1426,1763 1470,1763 1515,1763 1560,1763 1605,1763 1649,1763 1694,1763 1712,1766"/>
                <TextEquiv>
                    <Unicode>CHR. VON GLUKK</Unicode>
                </TextEquiv>
            </TextLine>
            <TextLine id="tr_1_tl_11" custom="readingOrder {index:10;}">
                <Coords points="425,1842 583,1865 649,1849 680,1867 720,1842 773,1860 817,1847 896,1871 968,1849 968,1809 933,1792 795,1811 764,1794 718,1805 698,1787 651,1803 497,1801 478,1783 425,1798"/>
                <Baseline points="435,1831 480,1831 525,1834 569,1834 614,1834 659,1831 704,1834 748,1831 793,1834 838,1834 883,1834 927,1831 972,1834"/>
                <TextEquiv>
                    <Unicode>Fluit-solo : H. Hipp. Vinck.</Unicode>
                </TextEquiv>
            </TextLine>
            <TextLine id="tr_1_tl_12" custom="readingOrder {index:11;}">
                <Coords points="310,1942 363,1935 414,1955 449,1933 498,1931 566,1961 662,1920 784,1939 812,1933 812,1886 673,1869 618,1887 432,1875 310,1893"/>
                <Baseline points="319,1924 325,1924 369,1924 414,1918 459,1918 504,1918 548,1918 593,1918 638,1918 683,1915 727,1915 772,1918 817,1921"/>
                <TextEquiv>
                    <Unicode>4. Wellington’s Sieg</Unicode>
                </TextEquiv>
            </TextLine>
        </TextRegion>
        <TextRegion id="tr_2" custom="readingOrder {index:2;}">
            <Coords points="313,1922 1784,1922 1784,2904 313,2904"/>
            <TextLine id="tr_2_tl_1" custom="readingOrder {index:0;}">
                <Coords points="691,2001 1767,1983 1767,1937 1704,1924 691,1933"/>
                <Baseline points="701,1981 742,1978 787,1978 832,1975 877,1975 921,1978 966,1975 1011,1975 1056,1975 1100,1972 1145,1972 1190,1972 1235,1972 1279,1975 1324,1975 1369,1972 1414,1972 1458,1972 1503,1972 1548,1972 1593,1972 1637,1972 1682,1972 1727,1972 1772,1975"/>
                <TextEquiv>
                    <Unicode>(of de Slag van Vittoria) L. VAN BEETHOVEN</Unicode>
                </TextEquiv>
            </TextLine>
            <TextLine id="tr_2_tl_2" custom="readingOrder {index:1;}">
                <Coords points="508,2073 1270,2043 1592,2069 1633,2058 1635,1996 509,1992"/>
                <Baseline points="519,2049 522,2049 566,2043 611,2043 656,2043 701,2043 745,2043 790,2040 835,2040 880,2040 924,2040 969,2040 1014,2040 1059,2037 1103,2037 1148,2037 1193,2040 1238,2037 1282,2037 1327,2040 1372,2037 1417,2037 1461,2040 1506,2037 1551,2040 1596,2037 1640,2043"/>
                <TextEquiv>
                    <Unicode>(Symfonie ter herdenking van Hellington’s zegepraal in Spanje)</Unicode>
                </TextEquiv>
            </TextLine>
            <TextLine id="tr_2_tl_3" custom="readingOrder {index:2;}">
                <Coords points="421,2128 1384,2109 1493,2142 1523,2058 421,2084"/>
                <Baseline points="432,2109 441,2109 486,2106 531,2106 575,2106 620,2106 665,2103 710,2103 754,2103 799,2103 844,2103 889,2106 933,2106 948,2103 990,2103 1035,2103 1080,2100 1124,2100 1169,2100 1214,2100 1259,2100 1303,2100 1348,2100 1393,2100 1438,2100 1482,2100 1527,2100"/>
                <TextEquiv>
                    <Unicode>A) Oproep vóór den slag; — Rule Britania en Marlborough</Unicode>
                </TextEquiv>
            </TextLine>
            <TextLine id="tr_2_tl_4" custom="readingOrder {index:3;}">
                <Coords points="425,2173 440,2173 449,2164 473,2170 495,2161 539,2175 561,2162 596,2164 616,2177 652,2172 652,2128 599,2128 574,2117 557,2131 542,2131 495,2115 476,2124 462,2117 425,2126"/>
                <Baseline points="435,2154 480,2157 525,2154 569,2154 614,2154 656,2157"/>
                <TextEquiv>
                    <Unicode>B) De slag ;</Unicode>
                </TextEquiv>
            </TextLine>
            <TextLine id="tr_2_tl_5" custom="readingOrder {index:4;}">
                <Coords points="429,2219 471,2221 487,2210 541,2225 555,2214 579,2223 649,2210 687,2221 729,2208 770,2215 770,2168 711,2161 689,2177 610,2177 596,2164 520,2173 495,2162 429,2177"/>
                <Baseline points="438,2204 483,2204 528,2204 572,2201 617,2201 662,2201 707,2201 751,2201 775,2204"/>
                <TextEquiv>
                    <Unicode>c) Stormmarsch ;</Unicode>
                </TextEquiv>
            </TextLine>
            <TextLine id="tr_2_tl_6" custom="readingOrder {index:5;}">
                <Coords points="431,2256 480,2276 517,2265 563,2281 592,2261 621,2280 643,2265 654,2274 759,2278 759,2214 748,2212 706,2223 658,2210 566,2226 517,2212 431,2228"/>
                <Baseline points="441,2255 450,2252 495,2255 540,2252 584,2252 629,2249 674,2249 719,2249 763,2249"/>
                <TextEquiv>
                    <Unicode>D) Zegesymfonie.</Unicode>
                </TextEquiv>
            </TextLine>
            <TextLine id="tr_2_tl_7" custom="readingOrder {index:6;}">
                <Coords points="1268,2353 1367,2336 1407,2355 1446,2353 1466,2338 1501,2362 1528,2357 1547,2369 1627,2357 1627,2285 1603,2280 1570,2296 1558,2283 1530,2292 1459,2269 1407,2303 1268,2287"/>
                <Baseline points="1279,2336 1318,2330 1363,2330 1408,2330 1453,2330 1497,2330 1542,2330 1587,2330 1632,2330"/>
                <TextEquiv>
                    <Unicode>JOH. S. BACH</Unicode>
                </TextEquiv>
            </TextLine>
            <TextLine id="tr_2_tl_8" custom="readingOrder {index:7;}">
                <Coords points="302,2364 361,2366 394,2349 427,2353 440,2347 500,2382 526,2379 526,2314 513,2314 506,2303 497,2307 480,2294 471,2300 440,2294 420,2307 409,2303 385,2313 368,2298 304,2287"/>
                <Baseline points="313,2339 358,2339 402,2339 447,2336 492,2336 531,2339"/>
                <TextEquiv>
                    <Unicode>5. Aria</Unicode>
                </TextEquiv>
            </TextLine>
            <TextLine id="tr_2_tl_9" custom="readingOrder {index:8;}">
                <Coords points="1268,2421 1327,2430 1358,2454 1382,2454 1439,2417 1526,2437 1587,2423 1647,2432 1660,2428 1662,2371 1594,2384 1580,2373 1543,2384 1532,2371 1475,2362 1431,2379 1363,2382 1336,2364 1268,2375"/>
                <Baseline points="1279,2419 1306,2416 1351,2416 1396,2416 1441,2416 1485,2416 1530,2416 1575,2416 1620,2416 1664,2416"/>
                <TextEquiv>
                    <Unicode>RICH. WAGNER</Unicode>
                </TextEquiv>
            </TextLine>
            <TextLine id="tr_2_tl_10" custom="readingOrder {index:9;}">
                <Coords points="302,2430 486,2456 579,2445 619,2472 744,2445 825,2468 942,2454 944,2388 872,2373 618,2388 557,2360 511,2390 482,2373 414,2390 304,2366"/>
                <Baseline points="313,2422 322,2422 366,2425 411,2425 456,2425 501,2425 545,2422 590,2422 635,2419 680,2419 725,2419 769,2419 814,2416 859,2416 904,2416 948,2419"/>
                <TextEquiv>
                    <Unicode>6. Tannhäuser-Ouvertüre</Unicode>
                </TextEquiv>
            </TextLine>
            <TextLine id="tr_2_tl_11" custom="readingOrder {index:10;}">
                <Coords points="317,2617 1592,2617 1781,2595 1781,2551 317,2562"/>
                <Baseline points="328,2598 352,2595 396,2598 441,2595 486,2598 531,2595 575,2595 620,2592 665,2592 710,2592 754,2592 799,2589 844,2589 889,2589 933,2589 978,2589 1023,2589 1068,2589 1112,2589 1157,2586 1202,2589 1247,2586 1291,2586 1336,2586 1381,2586 1426,2586 1470,2586 1515,2586 1560,2586 1605,2586 1649,2586 1694,2586 1739,2583 1784,2583"/>
                <TextEquiv>
                    <Unicode>Woensdag 14 dez., te 8 1/2 uren : Concert met de medewerking van den</Unicode>
                </TextEquiv>
            </TextLine>
            <TextLine id="tr_2_tl_12" custom="readingOrder {index:11;}">
                <Coords points="464,2672 588,2672 610,2657 632,2670 724,2661 753,2679 784,2664 916,2677 1021,2661 1021,2630 909,2597 856,2617 804,2600 687,2626 464,2619"/>
                <Baseline points="474,2652 486,2652 531,2652 575,2652 620,2652 665,2652 710,2649 754,2649 799,2649 844,2646 889,2646 933,2646 978,2646 1023,2649"/>
                <TextEquiv>
                    <Unicode>Heer Oskar BACK, Violist.</Unicode>
                </TextEquiv>
            </TextLine>
            <TextLine id="tr_2_tl_13" custom="readingOrder {index:12;}">
                <Coords points="306,2776 1763,2780 1778,2714 306,2740"/>
                <Baseline points="316,2768 349,2768 393,2768 438,2768 483,2768 528,2765 572,2765 617,2765 662,2762 707,2762 751,2762 796,2762 841,2759 886,2759 930,2759 975,2759 1020,2759 1065,2759 1109,2759 1154,2759 1199,2759 1244,2756 1288,2756 1333,2756 1378,2756 1423,2756 1467,2756 1512,2753 1557,2753 1602,2753 1646,2753 1691,2753 1736,2753 1781,2753"/>
                <TextEquiv>
                    <Unicode>N-B — Niet ingenomen plaatsen mogen onder geen voorwendsel voorbehouden</Unicode>
                </TextEquiv>
            </TextLine>
            <TextLine id="tr_2_tl_14" custom="readingOrder {index:13;}">
                <Coords points="473,2840 500,2839 517,2820 520,2824 533,2820 550,2831 590,2824 597,2829 605,2824 636,2826 636,2787 618,2791 597,2782 583,2784 574,2774 553,2778 546,2785 515,2784 509,2791 473,2787"/>
                <Baseline points="483,2813 528,2813 572,2813 617,2813 638,2816"/>
                <TextEquiv>
                    <Unicode>worden.</Unicode>
                </TextEquiv>
            </TextLine>
            <TextLine id="tr_2_tl_15" custom="readingOrder {index:14;}">
                <Coords points="1024,2912 1123,2905 1165,2937 1193,2917 1290,2936 1385,2899 1493,2894 1563,2923 1695,2914 1695,2839 1671,2829 1024,2837"/>
                <Baseline points="1035,2891 1074,2891 1118,2891 1163,2891 1208,2894 1253,2891 1297,2891 1342,2891 1387,2891 1432,2891 1476,2891 1521,2891 1566,2891 1611,2891 1655,2891 1700,2888"/>
                <TextEquiv>
                    <Unicode>Drukk. F. Janssens-Anthonis. — Antwerpen.</Unicode>
                </TextEquiv>
            </TextLine>
        </TextRegion>
    </Page>
</PcGts>
