2056 3270
508 335 1550 439 Société Royale de Zoologie d'Anvers
302 479 1750 548 ̃" ̃  ==================̃
335 572 1714 645 Dimanche 11 Décembre 1904, à 3½ hs. de l’après-midi
302 692 1759 902 Concert de Symphonie
386 885 1668 983 PAR L'ORCHESTRE DE LA SOCIÉTÉ
461 985 1588 1085 sous la direction de M. accavant KEURVELS
974 1060 1078 1209 xx
781 1173 1266 1326 programme
923 1308 1146 1388 1re PARTIE
291 1384 847 1466 I. Ouverture festivale
1260 1397 1583 1477 A. LEUTNER
282 1468 965 1548 2 Le rendez-vous de chasse
1262 1466 1543 1559 G. Rossin
291 1539 1095 1625 3. Les noces d’un garde-forestier.
1260 1537 1648 1639 TH. MICHAELIS
488 1610 998 1683 (suite caractéristique)
410 1665 947 1730 A) Dans la forêt ; B) Cortège ;
413 1714 1404 1792 c) Chanson à boire ; b) Sérénade ; E) Marche nuptiale.
284 1781 849 1861 4. Eternelle joie (valse)
1258 1774 1641 1892 F. TRESPAILLÉ
903 1849 1153 1931 2me PARTIE
291 1938 1075 2029 5. Le Roi des Aulnes (ouverture)
1260 1936 1639 2042 PETER BENOIT
291 2022 1031 2102 6. Séduction (scènes de ballet).
1260 2016 1648 2124 G. MEYERBER
406 2082 807 2147 A) Légèreté ; B) Jeu ;
404 2124 1013 2222 c) livresse ; D) Amour ; E) Finale.
284 2178 1748 2273 7. Adagio de la 8e sonate pour le piano. L. VAN BEETHOVEN
483 2258 1277 2373 (orchestré par Edward Keurvels)
284 2342 721 2426 8. Kaisermarsch.
1257 2306 1654 2437 RICH. WAGNER
282 2508 1748 2597 Mercredi 14 crt., a 8 1/2 hs.: Concert avec le concours de M. Oskar BACK,
450 2561 654 2632 Violoniste.
284 2630 1748 2706 Mercredi 21 : Concert avec le concours de Mlle Louise DESMAISONS,
435 2685 628 2754 Pianiste.
284 2779 1663 2852 N.-B. — On ne pourra retenir sous aucun prétexte des places non occupées.
