2056 3270
507 338 1546 463 Société Royale de Zoologie d'Anvers
290 488 1739 595 ̃' ̃  =================.................................,  ==================
327 608 1713 703 Dimanche 18 Décembre 1904, à 3 1/2 hs. de l'après-midi
308 736 1757 940 Concert de Symphonie
389 949 1669 1023 PAR L'ORCHESTRE DE LA SOCIÉTÉ
448 1037 1603 1155 sous la direction de M. EDWERD REURVELS
957 1138 1076 1243 &C.
782 1239 1263 1397 programme
920 1397 1144 1476 1re PARTIE
288 1478 894 1559 I. Pikanninies (marche)
1320 1478 1676 1579 A. LACHAUME
290 1559 940 1632 2. Jeanne d’Are (ouverture
1320 1561 1561 1653 G. Verbi
286 1631 957 1728 3. Hérodiade (transcription)
1306 1640 1643 1730 J. MASSENET
290 1702 845 1814 4. Miss Helyett (valse)
1313 1710 1636 1822 ED. AUDRAN
900 1800 1140 1888 2me PARTIE
290 1880 848 1987 5. Princesse d’Auberge
1311 1884 1638 1987 JAN Blockx
488 1968 944 2053 (prélude du 2e acte)
285 2040 909 2126 6. Chanson de printemps
1311 2042 1761 2136 F. MENDELSSOHN
285 2114 1212 2200 7. La Reine de Saba (ballet de l'opéra)
1326 2126 1645 2235 CH. GOUNOD
409 2180 1032 2244 A) Les Juives; B) Les Sabéennes ;
413 2222 1274 2293 c) Réverie arabe ; n) Ensemble ; E) Valse finale
285 2288 1028 2378 8. Lohengrin (marche nuptiale)
1311 2266 1704 2374 RICH. WAGNER
283 2424 1754 2540 Mercredi 21 : Concert avec le concours de Mlle Louise DESMAISONS,
446 2503 619 2556 Pianiste.
285 2563 1761 2664 Dimanche 25 (Noël), à 3 1/2 hs. : Concert avec le concours de M. Bernard ten
452 2607 810 2675 CATE, Organiste.
290 2655 1759 2734 Mercredi 28 : Concert Extraordinaire (Soli, Chœurs et Orchestre).— Exécution
455 2721 1601 2773 d’œuvres de M. Ricardo CASTRO, Compositeur et Pianiste.
290 2809 1669 2879 N.-B. —On ne pourra retenir sous aucun prétexte des places non occupées.
