2056 3270
482 357 1515 462 Société Royale de Zoologie d’Anvers
269 513 1717 605 ̃ 1 ̃  =================.................................  =================
396 603 1594 720 Mercredi 21 Décembre 1904, à 8½ hs. du soir
288 729 1717 922 Concert de Symphonie
365 966 1647 1076 PAR L'ORCHESTRE DE LA SOCIÉTÉ
436 1061 1561 1171 sous la direction de M. EDMARD REURVELS
753 1162 1259 1257 ET AVEC LE CONCOURS DE
258 1246 1728 1343 Mlle Louise DESMAISONS, Pianiste.
949 1349 1052 1466 etc.
771 1495 1248 1620 programme
1180 1642 1585 1732 ZDENKO FIBICH
269 1633 1120 1734 I. Une nuit à Carlstein (ouverture)
1186 1719 1635 1801 S. RACHMANINOFF
268 1732 1120 1805 2. IIe Concerto (en Fa dièse mineur)
467 1796 1070 1880 (pour piano et orchestre)
498 1862 737 1942 1resiudition
388 1919 830 1992 A) Vivace — Moderato;
1037 1963 1277 2047 Scherzando
387 1972 1001 2040 B) Andante cantabile ; c) allegro
509 2019 1019 2104 Mlle L. DESMAISONS.
1186 2087 1735 2170 N. Rtwsky-Korsakow
277 2087 953 2183 3. Le Chat (conte féerique)
315 2162 1735 2217 Dans un lieu circulaire sur le bord de l’océan, il y a un chêne vert; à l‘arbre
282 2206 1728 2254 est suspendue une chaine d’or, un chat savant y est attaché, et rode à l’entour
279 2245 1726 2309 le jour et la nuit ; quand il va à droite, il fcedonne une chanson ; — à gauche, il
277 2289 669 2346 raconte une histoire
317 2327 1732 2369 II y a là des prodiges : là, erre un satyre ; là, une naïade est assise sur les
279 2362 1726 2410 branches ; là, dans de petits sentiers inconnus, se montrent les traces de bêtes
282 2408 1730 2448 merveilleuses; à, sur des pattes de poule, on voit une chaumière sans portes ni
279 2439 1734 2483 fenètres ; là, le bois et la vallée fourmillent de spectres par milliers ; lâ, avec
284 2481 1723 2522 l’aurore, les flots battent le rivage désert et sablonneux, et trente beaux cheva¬
279 2509 1734 2566 liers sortent en rang du cristal des ondes, suivis de leur mentor marin ; là, un
280 2551 1728 2613 jeune monarque capture en passant un terrible souverain; là, dans les nuages,
279 2593 1726 2650 devant le peuple, un sorcier emporte un héros à travers les bois et les mers ; là
288 2633 1719 2677 dans sa prison, une jeune reine verse des pleurs, n'ayant pour serviteur et com
288 2672 1724 2729 pagnon qu’un loup qui la sert fidèlement; là, marche un mortier en divaguant
279 2714 1735 2767 avec une vieille sorcière ; là, périt le roi Kastchei, en regardant son or ; lâ,
282 2749 1129 2798 réside un esprit russe... là, tout sent la Russie
321 2776 1737 2844 J’y suis allé, j’ij ai bu de l’tydromel ; j‘ai vu le chêne vert près de l'océan; je
282 2820 1545 2884 me suis assis à ses racines, et le chat savant m’a raconté ses histoires.
317 2862 896 2939 Je m'en rappelle une : la voici.
1294 2875 1585 2959 (A. PoushkINE.)
