2056 3270
1293 258 1759 354 S. RACHMANINOFH
386 276 738 360 4. A) Prélude
453 380 759 453 B) Nocturne
1284 388 1759 495 P. TsCHAÜK0WSY
454 467 833 536 C) Humoresque
1280 529 1734 638 ANT. RUBINSTEIN
453 555 798 649 D) Tarentelle
612 629 1130 720 Mlle L. DESMAISONS.
395 697 1666 796 5. Dans les steppes de l'Asie Centrale AL BORODINE
421 787 1851 863 Dans le silence des steppes sablonneux de l’Asie Centrale, retentit le refrain
382 855 1848 924 d’une paisible chanson eusse. On entend aussi les sons mélancoliques des cbants
380 896 1848 970 d’Orient ; on entend le pas des chevaux et des chameaux qui s’approchent. Une
382 965 1848 1028 caravane, escortée par des soldats russes, traverser l’immense désert. La caravane
382 1018 1848 1089 s’avance. Les chants des Russes et ceux des indigènes se confondent dans la
378 1081 1853 1158 même harmonie ; leurs refrains entrelacés se font entendre longtemps dans le
373 1150 1273 1221 désert et finissent par se perdre dans le lointain.
380 1217 920 1304 6. Fantaisie hongroise
1274 1217 1549 1317 FR. LISZT
566 1298 1156 1382 (pour piano etennestre)
595 1384 1113 1458 Mlle L. DESMAISONS
479 1560 1721 1668 Piano ERARD de la Maison Louis ANTHONIS
351 1753 1842 1851 Dimanche 25 (Noël), à 3 1/2 hs. : Concert avec le concours de M. Bernard ten
519 1835 872 1920 CATE, Organiste.
351 1946 1835 2028 Mercredi 28 : Concert Extraordinaire (Soli, Chœurs et Orchestre). — Exécution
516 2005 1681 2120 d'œuvres de M. Ricardo CASTRO, Compositeur et Pianiste.
351 2156 1740 2267 N.-B. — On ne pourra retenir sous aucun prétexte des places non occupées.
