<?xml version="1.0" encoding="UTF-8" standalone="yes"?>
<PcGts xmlns="http://schema.primaresearch.org/PAGE/gts/pagecontent/2013-07-15" xmlns:xsi="http://www.w3.org/2001/XMLSchema-instance" xsi:schemaLocation="http://schema.primaresearch.org/PAGE/gts/pagecontent/2013-07-15 http://schema.primaresearch.org/PAGE/gts/pagecontent/2013-07-15/pagecontent.xsd">
    <Metadata>
        <Creator>prov=READ-COOP:name=TrHtr:version=2.18.1:model_id=51170:date=16_10_2024_05:36</Creator>
        <Created>2024-10-15T15:15:24.581+02:00</Created>
        <LastChange>2024-10-16T05:36:33.713+02:00</LastChange>
        <TranskribusMetadata docId="4641973" pageId="80334388" pageNr="246" tsid="193993589" status="IN_PROGRESS" userId="131016" imgUrl="https://files.transkribus.eu/Get?id=XOBOLBIDBXIJDCZZFTQAHPXP&amp;fileType=view" xmlUrl="https://files.transkribus.eu/Get?id=RJVSKZXBWRACFJNIFHEJPQLT" imageId="65795031"/>
    </Metadata>
    <Page imageFilename="0246_kca-srdda-cpr1904-030901108875-tx-00246.jpg" imageWidth="2056" imageHeight="3270">
        <ReadingOrder>
            <OrderedGroup id="ro_1757315650481" caption="Regions reading order">
                <RegionRefIndexed index="0" regionRef="tr_2"/>
                <RegionRefIndexed index="1" regionRef="tr_1"/>
            </OrderedGroup>
        </ReadingOrder>
        <TextRegion id="tr_2" custom="readingOrder {index:0;}">
            <Coords points="199,352 1679,352 1679,2399 199,2399"/>
            <TextLine id="tr_2_tl_1" custom="readingOrder {index:0;}">
                <Coords points="372,411 1525,476 1506,372 369,334"/>
                <Baseline points="381,402 426,402 471,402 516,402 560,402 605,402 650,405 695,408 739,411 784,414 829,414 874,414 918,414 963,417 1008,423 1053,423 1097,426 1142,423 1187,426 1232,426 1276,429 1321,429 1366,432 1411,432 1455,432 1500,435 1527,438"/>
                <TextEquiv>
                    <Unicode>Koninklijke Maatschappij van Dierkunde</Unicode>
                </TextEquiv>
            </TextLine>
            <TextLine id="tr_2_tl_2" custom="readingOrder {index:1;}">
                <Coords points="734,540 796,544 832,525 905,548 981,529 1182,553 1211,542 1210,472 1162,442 1121,470 1106,457 1080,470 1005,457 955,474 817,442 800,457 769,444 730,461"/>
                <Baseline points="742,513 787,513 832,516 877,516 921,519 966,522 1011,519 1056,522 1100,525 1145,525 1190,528 1214,528"/>
                <TextEquiv>
                    <Unicode>VAN ANTWERPEN</Unicode>
                </TextEquiv>
            </TextLine>
            <TextLine id="tr_2_tl_3" custom="readingOrder {index:2;}">
                <Coords points="214,629 450,599 1674,647 1672,575 1552,562 210,551"/>
                <Baseline points="223,590 268,590 313,590 358,593 402,593 447,593 492,593 537,593 581,596 626,599 671,599 716,602 760,602 805,602 850,605 895,608 939,608 984,611 1029,611 1074,611 1118,614 1163,614 1208,617 1253,620 1297,620 1342,623 1387,626 1432,623 1476,626 1521,629 1566,629 1611,629 1655,629 1679,629"/>
                <TextEquiv>
                    <Unicode>̃ ̃M.  ===================</Unicode>
                </TextEquiv>
            </TextLine>
            <TextLine id="tr_2_tl_4" custom="readingOrder {index:3;}">
                <Coords points="267,691 372,736 638,702 950,747 1630,734 1595,675 1101,642 439,658 319,618 267,649"/>
                <Baseline points="277,683 322,686 366,689 411,689 456,692 501,692 545,695 590,695 635,698 680,698 725,701 769,701 814,704 859,704 904,704 948,707 993,707 1038,710 1083,710 1127,713 1172,716 1217,716 1262,716 1306,719 1351,719 1396,722 1441,722 1485,722 1530,722 1575,722 1620,725 1632,727"/>
                <TextEquiv>
                    <Unicode>Woensdag 21 December 1904, te 8½ uren's avonds</Unicode>
                </TextEquiv>
            </TextLine>
            <TextLine id="tr_2_tl_5" custom="readingOrder {index:4;}">
                <Coords points="205,909 317,985 398,931 533,926 1071,964 1068,832 1014,802 487,815 380,885 205,863"/>
                <Baseline points="214,904 259,907 304,907 349,909 393,907 438,907 483,909 528,912 572,915 617,915 662,918 707,915 751,918 796,918 841,921 886,921 930,921 975,924 1020,927 1065,930 1074,927"/>
                <TextEquiv>
                    <Unicode>Symionisch</Unicode>
                </TextEquiv>
            </TextLine>
            <TextLine id="tr_2_tl_6" custom="readingOrder {index:5;}">
                <Coords points="1093,924 1143,926 1200,968 1245,953 1304,972 1392,962 1418,979 1481,957 1600,972 1597,859 1484,916 1447,883 1383,914 1215,844 1138,894 1093,896"/>
                <Baseline points="1103,930 1148,927 1193,930 1238,927 1282,933 1327,933 1372,933 1417,933 1461,936 1506,936 1551,936 1596,942 1605,939"/>
                <TextEquiv>
                    <Unicode>Coner</Unicode>
                </TextEquiv>
            </TextLine>
            <TextLine id="tr_2_tl_7" custom="readingOrder {index:6;}">
                <Coords points="227,1075 1650,1104 1646,968 1540,1031 225,1012"/>
                <Baseline points="235,1050 280,1047 325,1047 369,1050 414,1050 459,1053 504,1053 548,1053 593,1053 638,1056 683,1056 727,1056 772,1059 817,1059 862,1062 907,1062 951,1062 996,1065 1041,1065 1086,1068 1130,1068 1175,1068 1220,1071 1265,1071 1309,1074 1354,1071 1399,1074 1444,1074 1488,1074 1533,1077 1578,1077 1623,1077 1655,1077"/>
                <TextEquiv>
                    <Unicode>DOOR HET ORKEST DER MAATSCHAPPIJ</Unicode>
                </TextEquiv>
            </TextLine>
            <TextLine id="tr_2_tl_8" custom="readingOrder {index:7;}">
                <Coords points="365,1150 1508,1165 1508,1108 1331,1097 1095,1119 924,1080 824,1114 688,1075 365,1114"/>
                <Baseline points="375,1133 420,1136 465,1136 510,1139 554,1139 599,1139 644,1139 689,1139 733,1142 778,1142 823,1145 868,1148 912,1148 957,1148 1002,1148 1047,1148 1091,1151 1136,1151 1181,1151 1226,1151 1271,1151 1315,1151 1360,1151 1405,1154 1450,1157 1494,1160 1512,1157"/>
                <TextEquiv>
                    <Unicode>onder de leiding van M.iniwARD REURVELS</Unicode>
                </TextEquiv>
            </TextLine>
            <TextLine id="tr_2_tl_9" custom="readingOrder {index:8;}">
                <Coords points="658,1226 749,1224 774,1246 902,1228 988,1256 1018,1239 1051,1252 1071,1233 1128,1241 1149,1224 1224,1237 1224,1191 1082,1200 1023,1176 974,1193 684,1182 658,1198"/>
                <Baseline points="668,1217 713,1217 757,1217 802,1220 847,1220 892,1220 936,1220 981,1223 1026,1223 1071,1223 1115,1223 1160,1226 1205,1226 1229,1229"/>
                <TextEquiv>
                    <Unicode>EN MET DE MEDEWERKING VAN</Unicode>
                </TextEquiv>
            </TextLine>
            <TextLine id="tr_2_tl_10" custom="readingOrder {index:9;}">
                <Coords points="192,1318 1672,1342 1670,1276 1604,1267 192,1237"/>
                <Baseline points="202,1294 247,1294 292,1294 337,1297 381,1300 426,1297 471,1297 516,1297 560,1297 605,1300 650,1303 695,1300 739,1300 784,1303 829,1303 874,1306 918,1306 963,1306 1008,1306 1053,1306 1097,1309 1142,1309 1187,1309 1232,1312 1276,1315 1321,1315 1366,1315 1411,1315 1455,1318 1500,1318 1545,1318 1590,1318 1635,1318 1676,1321"/>
                <TextEquiv>
                    <Unicode>Mej. Louise DESMAISONS, Pianiste</Unicode>
                </TextEquiv>
            </TextLine>
            <TextLine id="tr_2_tl_11" custom="readingOrder {index:10;}">
                <Coords points="891,1442 935,1442 944,1434 953,1440 977,1427 990,1429 994,1337 981,1335 964,1348 953,1340 938,1339 914,1353 894,1348"/>
                <Baseline points="901,1423 907,1420 951,1420 996,1417"/>
                <TextEquiv>
                    <Unicode>etc.</Unicode>
                </TextEquiv>
            </TextLine>
            <TextLine id="tr_2_tl_12" custom="readingOrder {index:11;}">
                <Coords points="673,1571 701,1586 791,1565 865,1597 911,1571 1014,1571 1075,1595 1114,1575 1162,1576 1162,1519 1093,1501 935,1512 839,1499 796,1512 739,1475 671,1482"/>
                <Baseline points="683,1560 727,1557 772,1557 817,1557 862,1557 907,1560 951,1560 996,1560 1041,1560 1086,1560 1130,1560 1166,1566"/>
                <TextEquiv>
                    <Unicode>programma</Unicode>
                </TextEquiv>
            </TextLine>
            <TextLine id="tr_2_tl_13" custom="readingOrder {index:12;}">
                <Coords points="197,1691 1490,1702 1523,1613 1302,1645 1154,1613 197,1622"/>
                <Baseline points="208,1664 253,1661 298,1661 343,1661 387,1664 432,1664 477,1664 522,1664 566,1664 611,1664 656,1664 701,1664 745,1667 790,1667 835,1667 880,1670 924,1670 969,1670 1014,1673 1059,1673 1103,1676 1148,1676 1193,1676 1238,1676 1282,1676 1327,1676 1372,1679 1417,1679 1461,1682 1506,1682 1527,1685"/>
                <TextEquiv>
                    <Unicode>1. Een nacht te Karlstein (uleningstuk). ZDENKO FIBICH</Unicode>
                </TextEquiv>
            </TextLine>
            <TextLine id="tr_2_tl_14" custom="readingOrder {index:13;}">
                <Coords points="192,1746 266,1744 302,1770 337,1746 474,1770 620,1752 885,1770 885,1704 839,1687 789,1713 509,1707 470,1687 376,1705 256,1689 192,1711"/>
                <Baseline points="202,1742 247,1742 292,1739 337,1742 381,1739 426,1742 471,1742 516,1742 560,1742 605,1742 650,1745 695,1742 739,1745 784,1745 829,1748 874,1748 889,1751"/>
                <TextEquiv>
                    <Unicode>2 IIe Concerto (in Fismoll).</Unicode>
                </TextEquiv>
            </TextLine>
            <TextLine id="tr_2_tl_15" custom="readingOrder {index:14;}">
                <Coords points="1108,1781 1171,1764 1283,1792 1309,1776 1342,1787 1383,1770 1455,1783 1567,1770 1565,1728 1503,1715 1481,1728 1466,1717 1374,1726 1267,1707 1237,1722 1195,1700 1154,1713 1106,1704"/>
                <Baseline points="1118,1754 1163,1754 1208,1754 1253,1754 1297,1757 1342,1757 1387,1757 1432,1757 1476,1757 1521,1760 1566,1760 1569,1763"/>
                <TextEquiv>
                    <Unicode>S. RACHMANINOFF</Unicode>
                </TextEquiv>
            </TextLine>
            <TextLine id="tr_2_tl_16" custom="readingOrder {index:15;}">
                <Coords points="406,1814 715,1814 749,1835 774,1814 900,1816 961,1833 959,1761 690,1781 658,1761 481,1774 404,1755"/>
                <Baseline points="414,1799 459,1802 504,1802 548,1805 593,1802 638,1802 683,1802 727,1802 772,1805 817,1808 862,1808 907,1808 951,1811 966,1811"/>
                <TextEquiv>
                    <Unicode>(voor klavier en orkest)</Unicode>
                </TextEquiv>
            </TextLine>
            <TextLine id="tr_2_tl_17" custom="readingOrder {index:16;}">
                <Coords points="439,1864 465,1868 478,1855 511,1853 549,1873 592,1860 612,1873 634,1862 666,1877 678,1870 714,1875 712,1820 669,1827 643,1812 614,1835 549,1814 511,1827 489,1811 466,1827 454,1818 437,1822"/>
                <Baseline points="447,1852 492,1846 537,1849 581,1852 626,1852 671,1855 716,1858"/>
                <TextEquiv>
                    <Unicode>Iste uitvoering</Unicode>
                </TextEquiv>
            </TextLine>
            <TextLine id="tr_2_tl_18" custom="readingOrder {index:17;}">
                <Coords points="317,1906 457,1919 566,1903 638,1923 708,1912 767,1925 767,1858 684,1879 634,1864 474,1877 426,1857 317,1873"/>
                <Baseline points="328,1903 372,1903 417,1900 462,1900 507,1900 551,1900 596,1903 641,1903 686,1903 730,1906 769,1906"/>
                <TextEquiv>
                    <Unicode>A) Vivace — Moderato;</Unicode>
                </TextEquiv>
            </TextLine>
            <TextLine id="tr_2_tl_19" custom="readingOrder {index:18;}">
                <Coords points="317,1964 892,1978 966,1954 1215,1978 1186,1919 1027,1906 957,1929 826,1903 785,1927 564,1929 520,1905 317,1929"/>
                <Baseline points="328,1954 372,1954 417,1954 462,1951 507,1951 551,1951 596,1951 641,1954 686,1954 730,1954 775,1957 820,1954 865,1957 909,1954 954,1954 999,1954 1044,1954 1089,1957 1133,1957 1178,1957 1220,1960"/>
                <TextEquiv>
                    <Unicode>B) Andante cantabile ; c) allegro — Scherzando.</Unicode>
                </TextEquiv>
            </TextLine>
            <TextLine id="tr_2_tl_20" custom="readingOrder {index:19;}">
                <Coords points="433,2036 511,2041 612,2017 726,2037 758,2019 931,2034 955,2028 955,1989 909,1967 874,1982 828,1965 540,1980 431,1969"/>
                <Baseline points="441,2004 486,2007 531,2010 575,2007 620,2007 665,2010 710,2010 754,2010 799,2010 844,2010 889,2010 933,2010 957,2013"/>
                <TextEquiv>
                    <Unicode>Mej. L DESMAISONS.</Unicode>
                </TextEquiv>
            </TextLine>
            <TextLine id="tr_2_tl_21" custom="readingOrder {index:20;}">
                <Coords points="190,2131 277,2094 315,2117 380,2094 878,2113 946,2100 946,2076 699,2032 417,2054 288,2047 240,2021 188,2047"/>
                <Baseline points="199,2079 244,2082 289,2079 334,2079 378,2079 423,2082 468,2082 513,2082 557,2082 602,2085 647,2085 692,2085 736,2085 781,2088 826,2088 871,2088 915,2088 951,2088"/>
                <TextEquiv>
                    <Unicode>3. De Kat (tooversprookje).</Unicode>
                </TextEquiv>
            </TextLine>
            <TextLine id="tr_2_tl_22" custom="readingOrder {index:21;}">
                <Coords points="1108,2117 1136,2122 1189,2093 1270,2118 1392,2098 1641,2115 1659,2113 1659,2065 1547,2056 1488,2024 1433,2041 1366,2015 1307,2050 1274,2056 1243,2036 1189,2056 1106,2019"/>
                <Baseline points="1118,2088 1163,2088 1208,2088 1253,2088 1297,2091 1342,2091 1387,2091 1432,2094 1476,2094 1521,2097 1566,2094 1611,2094 1655,2097 1664,2097"/>
                <TextEquiv>
                    <Unicode>N. Rtwsky-Korsakow</Unicode>
                </TextEquiv>
            </TextLine>
            <TextLine id="tr_2_tl_23" custom="readingOrder {index:22;}">
                <Coords points="238,2155 1665,2161 1622,2109 236,2107"/>
                <Baseline points="247,2142 292,2142 337,2142 381,2145 426,2142 471,2142 516,2145 560,2145 605,2142 650,2145 695,2145 739,2145 784,2145 829,2148 874,2148 918,2148 963,2148 1008,2148 1053,2148 1097,2148 1142,2148 1187,2148 1232,2151 1276,2151 1321,2151 1366,2151 1411,2154 1455,2154 1500,2154 1545,2157 1590,2157 1635,2157 1667,2157"/>
                <TextEquiv>
                    <Unicode>In een kringvormig oord aan de boorden der zee bevindt zich een groene eik</Unicode>
                </TextEquiv>
            </TextLine>
            <TextLine id="tr_2_tl_24" custom="readingOrder {index:23;}">
                <Coords points="195,2194 1665,2205 1665,2161 195,2152"/>
                <Baseline points="205,2180 250,2180 295,2180 340,2183 384,2183 429,2183 474,2183 519,2183 563,2183 608,2183 653,2183 698,2183 742,2183 787,2183 832,2186 877,2183 921,2183 966,2186 1011,2186 1056,2186 1100,2186 1145,2186 1190,2186 1235,2186 1279,2189 1324,2189 1369,2192 1414,2189 1458,2192 1503,2192 1548,2192 1593,2195 1637,2195 1670,2198"/>
                <TextEquiv>
                    <Unicode>rond den boom slingert zich een gouden keten, waaraan eene geleerde kat is</Unicode>
                </TextEquiv>
            </TextLine>
            <TextLine id="tr_2_tl_25" custom="readingOrder {index:24;}">
                <Coords points="205,2229 1663,2249 1626,2198 205,2194"/>
                <Baseline points="214,2219 259,2219 304,2219 349,2219 393,2222 438,2222 483,2222 528,2222 572,2222 617,2222 662,2222 707,2222 751,2222 796,2222 841,2222 886,2222 930,2222 975,2222 1020,2225 1065,2225 1109,2225 1154,2225 1199,2228 1244,2228 1288,2228 1333,2228 1378,2231 1423,2231 1467,2234 1512,2234 1557,2234 1602,2234 1646,2234 1667,2237"/>
                <TextEquiv>
                    <Unicode>vastgehecht die nacht en dag daar omdwaalt. Sluipt zij naar rechts, dan neuriet</Unicode>
                </TextEquiv>
            </TextLine>
            <TextLine id="tr_2_tl_26" custom="readingOrder {index:25;}">
                <Coords points="195,2284 1359,2284 1392,2248 194,2233"/>
                <Baseline points="205,2255 250,2258 295,2258 340,2261 384,2258 429,2261 474,2258 519,2261 563,2261 608,2261 653,2261 698,2261 742,2261 787,2261 832,2261 877,2261 921,2261 966,2261 1011,2261 1056,2264 1100,2264 1145,2264 1190,2264 1235,2264 1279,2267 1324,2267 1369,2270 1396,2270"/>
                <TextEquiv>
                    <Unicode>zij een lied ; wendt zij zich naar links, dan fezelt zi j een sprookje.</Unicode>
                </TextEquiv>
            </TextLine>
            <TextLine id="tr_2_tl_27" custom="readingOrder {index:26;}">
                <Coords points="240,2303 1667,2323 1667,2283 1466,2262 240,2279"/>
                <Baseline points="250,2300 295,2297 340,2297 384,2297 429,2297 474,2297 519,2300 563,2300 608,2300 653,2300 698,2300 742,2300 787,2300 832,2300 877,2300 921,2300 966,2300 1011,2300 1056,2303 1100,2303 1145,2303 1190,2303 1235,2306 1279,2306 1324,2306 1369,2306 1414,2306 1458,2309 1503,2309 1548,2309 1593,2309 1637,2309 1670,2312"/>
                <TextEquiv>
                    <Unicode>In die verhalen geschieden vreemde dingen. Daar doolt een sater; daar wiegt</Unicode>
                </TextEquiv>
            </TextLine>
            <TextLine id="tr_2_tl_28" custom="readingOrder {index:27;}">
                <Coords points="195,2351 1665,2358 1593,2314 195,2318"/>
                <Baseline points="205,2336 250,2336 295,2336 340,2336 384,2336 429,2336 474,2336 519,2336 563,2339 608,2339 653,2339 698,2339 742,2339 787,2339 832,2339 877,2339 921,2339 966,2342 1011,2339 1056,2339 1100,2342 1145,2342 1190,2342 1235,2342 1279,2345 1324,2345 1369,2345 1414,2345 1458,2348 1503,2348 1548,2348 1593,2348 1637,2351 1670,2348"/>
                <TextEquiv>
                    <Unicode>zich tusschen de twijgen een waternimf; daar vindt men in ongekende wegeltjes</Unicode>
                </TextEquiv>
            </TextLine>
            <TextLine id="tr_2_tl_29" custom="readingOrder {index:28;}">
                <Coords points="197,2384 1663,2401 1663,2356 197,2351"/>
                <Baseline points="208,2371 253,2374 298,2374 343,2374 387,2374 432,2374 477,2377 522,2374 566,2377 611,2377 656,2374 701,2377 745,2377 790,2377 835,2377 880,2377 924,2374 969,2377 1014,2377 1059,2377 1103,2377 1148,2380 1193,2380 1238,2380 1282,2380 1327,2383 1372,2383 1417,2386 1461,2386 1506,2386 1551,2386 1596,2386 1640,2389 1667,2389"/>
                <TextEquiv>
                    <Unicode>sporen van wonderbare dieren ; daar verheft zich, op kiekenpooten, eene hut</Unicode>
                </TextEquiv>
            </TextLine>
        </TextRegion>
        <TextRegion id="tr_1" custom="readingOrder {index:1;}">
            <Coords points="205,2363 1664,2363 1664,2978 205,2978"/>
            <TextLine id="tr_1_tl_1" custom="readingOrder {index:0;}">
                <Coords points="195,2426 1659,2436 1619,2393 195,2384"/>
                <Baseline points="205,2413 250,2413 295,2413 340,2413 384,2413 429,2413 474,2413 519,2413 563,2413 608,2413 653,2413 698,2413 742,2413 787,2413 832,2413 877,2413 921,2416 966,2416 1011,2416 1056,2416 1100,2419 1145,2419 1190,2419 1235,2419 1279,2419 1324,2422 1369,2422 1414,2422 1458,2425 1503,2425 1548,2425 1593,2425 1637,2425 1664,2425"/>
                <TextEquiv>
                    <Unicode>zonder vensters of deuren; daar krioelt het bosch en de vallei van duizenden</Unicode>
                </TextEquiv>
            </TextLine>
            <TextLine id="tr_1_tl_2" custom="readingOrder {index:1;}">
                <Coords points="195,2463 1656,2476 1641,2434 1405,2426 195,2434"/>
                <Baseline points="205,2452 250,2449 295,2452 340,2452 384,2449 429,2452 474,2452 519,2452 563,2452 608,2452 653,2452 698,2452 742,2452 787,2452 832,2455 877,2455 921,2455 966,2455 1011,2455 1056,2455 1100,2455 1145,2455 1190,2455 1235,2458 1279,2458 1324,2458 1369,2461 1414,2461 1458,2461 1503,2461 1548,2464 1593,2464 1637,2464 1661,2464"/>
                <TextEquiv>
                    <Unicode>spoken ; daar schuren de zacht klotsende baren de woeste en zandige oevers in</Unicode>
                </TextEquiv>
            </TextLine>
            <TextLine id="tr_1_tl_3" custom="readingOrder {index:2;}">
                <Coords points="197,2495 1661,2517 1661,2476 1545,2469 197,2469"/>
                <Baseline points="208,2488 253,2491 298,2491 343,2491 387,2491 432,2491 477,2494 522,2491 566,2491 611,2491 656,2491 701,2491 745,2491 790,2491 835,2491 880,2491 924,2494 969,2494 1014,2494 1059,2494 1103,2494 1148,2497 1193,2497 1238,2497 1282,2497 1327,2497 1372,2500 1417,2500 1461,2500 1506,2500 1551,2503 1596,2503 1640,2503 1664,2503"/>
                <TextEquiv>
                    <Unicode>den glanzend gouden dageraad, en uit de kristalheldere goven stijgen, in eene</Unicode>
                </TextEquiv>
            </TextLine>
            <TextLine id="tr_1_tl_4" custom="readingOrder {index:3;}">
                <Coords points="201,2535 1658,2554 1619,2511 201,2506"/>
                <Baseline points="211,2530 256,2530 301,2530 346,2530 390,2530 435,2530 480,2530 525,2530 569,2530 614,2530 659,2530 704,2533 748,2530 793,2530 838,2530 883,2530 927,2530 972,2533 1017,2533 1062,2533 1106,2533 1151,2536 1196,2533 1241,2536 1285,2536 1330,2536 1375,2536 1420,2539 1464,2539 1509,2542 1554,2542 1599,2542 1643,2539 1658,2536"/>
                <TextEquiv>
                    <Unicode>rij, dertig schoone ridders, gevolgd van hunnen zeegids; daar vangt een jeug¬</Unicode>
                </TextEquiv>
            </TextLine>
            <TextLine id="tr_1_tl_5" custom="readingOrder {index:4;}">
                <Coords points="205,2581 1497,2594 1656,2587 1656,2555 203,2537"/>
                <Baseline points="214,2568 259,2565 304,2565 349,2568 393,2568 438,2568 483,2568 528,2568 572,2568 617,2568 662,2568 707,2568 751,2565 796,2565 841,2568 886,2568 930,2568 975,2568 1020,2568 1065,2568 1109,2571 1154,2571 1199,2571 1244,2574 1288,2574 1333,2574 1378,2574 1423,2574 1467,2577 1512,2577 1557,2580 1602,2580 1646,2580 1661,2580"/>
                <TextEquiv>
                    <Unicode>dige monark ter vlucht een vreeswekkenden vorst; daar, voor het volk, ontvoert</Unicode>
                </TextEquiv>
            </TextLine>
            <TextLine id="tr_1_tl_6" custom="readingOrder {index:5;}">
                <Coords points="201,2609 1659,2627 1648,2585 201,2583"/>
                <Baseline points="211,2604 256,2604 301,2604 346,2604 390,2604 435,2604 480,2604 525,2604 569,2604 614,2607 659,2604 704,2604 748,2604 793,2604 838,2604 883,2607 927,2607 972,2607 1017,2607 1062,2607 1106,2610 1151,2610 1196,2610 1241,2610 1285,2613 1330,2613 1375,2613 1420,2616 1464,2616 1509,2616 1554,2616 1599,2616 1643,2619 1664,2616"/>
                <TextEquiv>
                    <Unicode>een toovenaar een held door de wolken, over wouden en zeeën; daar stort eene</Unicode>
                </TextEquiv>
            </TextLine>
            <TextLine id="tr_1_tl_7" custom="readingOrder {index:6;}">
                <Coords points="195,2670 1656,2673 1654,2629 1501,2620 194,2609"/>
                <Baseline points="205,2652 250,2646 295,2643 340,2646 384,2646 429,2646 474,2646 519,2646 563,2643 608,2643 653,2643 698,2643 742,2643 787,2643 832,2643 877,2646 921,2643 966,2646 1011,2646 1056,2646 1100,2649 1145,2649 1190,2649 1235,2649 1279,2652 1324,2652 1369,2652 1414,2652 1458,2652 1503,2655 1548,2655 1593,2655 1637,2658 1661,2658"/>
                <TextEquiv>
                    <Unicode>jonge koningin tranen in hare gevangenschap, en heeft tot eenigen dienaar en</Unicode>
                </TextEquiv>
            </TextLine>
            <TextLine id="tr_1_tl_8" custom="readingOrder {index:7;}">
                <Coords points="199,2705 1659,2707 1606,2661 197,2668"/>
                <Baseline points="208,2688 253,2682 298,2682 343,2682 387,2682 432,2682 477,2685 522,2682 566,2682 611,2682 656,2682 701,2679 745,2682 790,2682 835,2682 880,2682 924,2682 969,2685 1014,2685 1059,2685 1103,2685 1148,2688 1193,2688 1238,2688 1282,2688 1327,2691 1372,2691 1417,2691 1461,2691 1506,2694 1551,2694 1596,2694 1640,2694 1664,2697"/>
                <TextEquiv>
                    <Unicode>gezel een wolf, die haar trouw dient ; daar kuiert een homketel, wauwelend met</Unicode>
                </TextEquiv>
            </TextLine>
            <TextLine id="tr_1_tl_9" custom="readingOrder {index:8;}">
                <Coords points="195,2734 1659,2751 1659,2707 1586,2699 195,2701"/>
                <Baseline points="205,2721 250,2721 295,2721 340,2721 384,2721 429,2724 474,2721 519,2721 563,2721 608,2721 653,2721 698,2721 742,2721 787,2721 832,2721 877,2721 921,2724 966,2721 1011,2724 1056,2724 1100,2724 1145,2724 1190,2726 1235,2726 1279,2726 1324,2729 1369,2729 1414,2732 1458,2732 1503,2732 1548,2735 1593,2732 1637,2735 1664,2741"/>
                <TextEquiv>
                    <Unicode>eene oude heks; daar sneeft de koning Kastchei, de oogen gevestigd op zijn goud;</Unicode>
                </TextEquiv>
            </TextLine>
            <TextLine id="tr_1_tl_10" custom="readingOrder {index:9;}">
                <Coords points="195,2780 1274,2784 1274,2738 1206,2732 195,2734"/>
                <Baseline points="205,2756 250,2759 295,2759 340,2759 384,2759 429,2759 474,2759 519,2759 563,2756 608,2759 653,2759 698,2756 742,2759 787,2759 832,2759 877,2759 921,2759 966,2759 1011,2759 1056,2762 1100,2762 1145,2762 1190,2765 1235,2765 1279,2768 1282,2765"/>
                <TextEquiv>
                    <Unicode>daar huist een Russische geest... daar ademt alles Rusland</Unicode>
                </TextEquiv>
            </TextLine>
            <TextLine id="tr_1_tl_11" custom="readingOrder {index:10;}">
                <Coords points="236,2802 1659,2819 1659,2782 1335,2749 1265,2784 236,2773"/>
                <Baseline points="247,2795 292,2798 337,2798 381,2798 426,2798 471,2795 516,2798 560,2798 605,2798 650,2798 695,2798 739,2795 784,2795 829,2795 874,2798 918,2798 963,2798 1008,2801 1053,2801 1097,2801 1142,2804 1187,2804 1232,2804 1276,2807 1321,2804 1366,2804 1411,2804 1455,2807 1500,2807 1545,2810 1590,2810 1635,2810 1664,2813"/>
                <TextEquiv>
                    <Unicode>Ik ben er heen getogen, ik heb er de mede gedronken, ick heb den groenen</Unicode>
                </TextEquiv>
            </TextLine>
            <TextLine id="tr_1_tl_12" custom="readingOrder {index:11;}">
                <Coords points="197,2852 1656,2882 1654,2823 1610,2815 195,2815"/>
                <Baseline points="205,2834 250,2834 295,2837 340,2837 384,2837 429,2837 474,2837 519,2837 563,2837 608,2834 653,2837 698,2834 742,2837 787,2837 832,2837 877,2837 921,2837 966,2840 1011,2840 1056,2843 1100,2843 1145,2843 1190,2843 1235,2843 1279,2843 1324,2846 1369,2846 1414,2846 1458,2846 1503,2846 1548,2846 1593,2849 1637,2849 1661,2849"/>
                <TextEquiv>
                    <Unicode>eik gezien nabij de zee, ik heb mij neergevlijd aan zijn voet, en de tooverkat</Unicode>
                </TextEquiv>
            </TextLine>
            <TextLine id="tr_1_tl_13" custom="readingOrder {index:12;}">
                <Coords points="212,2880 371,2895 485,2878 516,2895 549,2880 767,2889 785,2882 785,2843 638,2854 570,2838 489,2862 402,2838 212,2856"/>
                <Baseline points="223,2873 268,2873 313,2876 358,2876 402,2876 447,2876 492,2876 537,2876 581,2876 626,2873 671,2873 716,2873 760,2876 790,2879"/>
                <TextEquiv>
                    <Unicode>eeft mij hare sproken verteld.</Unicode>
                </TextEquiv>
            </TextLine>
            <TextLine id="tr_1_tl_14" custom="readingOrder {index:13;}">
                <Coords points="225,2920 426,2943 518,2919 631,2935 647,2919 804,2952 804,2887 642,2878 570,2895 549,2880 516,2895 483,2880 372,2895 251,2878 225,2891"/>
                <Baseline points="235,2911 280,2914 325,2914 369,2914 414,2914 459,2914 504,2914 548,2914 593,2914 638,2914 683,2911 727,2911 772,2914 808,2917"/>
                <TextEquiv>
                    <Unicode>Eene herinner ik mij : luister.</Unicode>
                </TextEquiv>
            </TextLine>
            <TextLine id="tr_1_tl_15" custom="readingOrder {index:14;}">
                <Coords points="1139,2992 1217,2985 1237,3000 1304,2974 1363,2970 1506,2996 1504,2917 1475,2924 1453,2911 1388,2908 1359,2924 1304,2926 1291,2915 1268,2930 1232,2909 1213,2920 1178,2900 1138,2915"/>
                <Baseline points="1148,2962 1193,2959 1238,2959 1282,2962 1327,2962 1372,2962 1417,2962 1461,2962 1506,2968 1509,2968"/>
                <TextEquiv>
                    <Unicode>(naar A. POUSEKINE)</Unicode>
                </TextEquiv>
            </TextLine>
        </TextRegion>
    </Page>
</PcGts>
