2056 3270
1186 324 1633 434 S. RACHMANINOFI.
288 354 663 429 4. A) Voorspel.
350 453 687 541 B) Nachtzang
1180 467 1635 574 P. TsCHAïKowsky
363 539 722 612 C) Humoreske
1189 599 1624 713 ANT. RUBINSTEIN
354 629 717 717 D) Springdans.
524 689 1045 784 Mej. L. DESMAISONS.
1195 766 1570 858 AL. BORODINE
301 762 1101 876 5. In de steppen van Midden-Asia
374 858 1743 925 In de stilte der zandige steppen van Midden-Asia weerklinkt het refrein van
297 916 1752 986 een gemoedelijk Russisch lied. Men verneemt ook de weemoedige klanken van
297 993 1746 1041 een Oostersch gezang, en den rustigen tred van naderende paarden en kameelen
297 1034 1734 1098 Eene karavaan, onder geleide van Russische wapenlieden, trekt door de uitge
288 1098 1752 1156 strekte woestijn en komt allengskens dichter. Het lied der Russen versmelt zich
291 1153 1754 1220 met dat der inboorlingen; die samenzang galmt eenigen tijd over de heide, om
295 1206 1083 1301 langzamerhand in de verte te verdwijnen.
1189 1270 1453 1363 FR. LiszT
301 1281 913 1362 6. Hongaarsche fantazie.
500 1363 1045 1457 (voor klavier en orkest)
522 1448 1045 1550 Mej. L. DESMAISONS
482 1631 1583 1741 Concertvleugel uit het huis L. ANTHONIS
290 1834 1761 1915 Zondag 25 (Kerstdag), te 3 1/2 uren ’snamiddags: Concert met de medewerking
456 1902 1167 1996 van den Heer B. ten CATE, Orgelist.
306 1999 1761 2100 Woensdag 28 : Buitengewoon Concert (Soli, Kooren en Orkest). — Uitvoering
453 2067 1754 2170 van werken van den Heer Ricardo GASTRO, Toondichter en Pianist
293 2210 1752 2316 N-B — Niet ingenomen plaatsen mogen »nder geen voorwendsel voorbehouden
462 2305 625 2362 worden.
1013 2653 1701 2791 Drukk. F. Janssens-Anthonis. — Antwerpen.
