2056 3270
411 328 1436 451 Société Royale de Zoologie d’Anvers
192 436 1641 560 ̃ ̃̃ 1  ================= ==================̃
232 553 1613 659 Dimanche 25 Décembre 1904, à 3½ hs. de l'après-midi
206 664 1655 885 Concert de Symphonie
768 900 871 962 I
288 891 1564 986 PAR L'ORCHESTRE DE LA SOCIÉTÉ
356 1000 1495 1091 sous la direction de M. accavo KEURVELS
683 1077 1179 1144 ET AVEC LE CONCOURS DE
263 1133 1586 1252 Mr BERNARD TEN CATE, Organiste,
504 1241 1350 1305 Lauréat du conservatoire Royal de Bruxelles.
876 1296 984 1422 &C
692 1429 1161 1560 programme
829 1570 1060 1664 1re PARTIE
201 1637 798 1732 1. Freyschütz-Ouvertüre
1214 1641 1670 1723 C. M. VONWEBER
1206 1716 1606 1807 RICH. WAGNER
197 1728 1104 1790 2. Der fliegende Holländer (sélection)
1210 1787 1555 1865 JOH. S. BACH
204 1783 1000 1865 3. a) Toccata en ut majeur (orgue)
272 1852 1060 1929 b) Invocation (orgue etennestre)
1215 1852 1524 1933 TH. RITTER
1290 1924 1590 2028 TER BENOIT
201 1916 1130 2028 4. Cortège solennel (orgue etennestre)
814 2017 1060 2080 2me PARTIE
199 2079 1066 2166 5. Esclarmonde (suite d'orchestre).
1206 2055 1546 2179 J. MASSENET
361 2135 1173 2234 a) Hyménée ; b) L’Ile magique ; c) Evocation
201 2208 1115 2310 6. allegro de la 5e Symphonie (orgue)
1215 2188 1588 2292 CH. M. WIDOR
210 2270 1024 2372 7. a) L'allée mystérieuse (orgue)
274 2332 1159 2449 b) Méditation sur un Ave Maria de
1223 2316 1504 2422 O. LEBEAU
378 2407 1170 2509 P. Benoit (harpe, violon et origue)
201 2477 1197 2559 8. Marche religieuse (orgue etennestre)
1215 2449 1562 2568 CH. GOUNOD.
248 2601 1679 2655 Mercredi 28, à 8 1/2 heures du soir : Concert extraordinaire, consacré à
219 2648 1672 2706 l’audition d’œuvres de Mr RicARDO CASTRO, avec le concours de Mlles E. Desmai¬
215 2712 1677 2754 sons et M. Chabry (Cantatrices), MM. Latour (ténor), Surlémont, Van den
215 2741 1683 2801 Eynden et Borkmans (basses), Marx Lœvensohn ( Violoncelliste), Mora ( violoniste)
214 2803 1677 2867 et d’un Chœur Mixte composé de membres des sociétés „ Cæcilia „ et „ Orphéon „
214 2836 469 2900 de Bruxelles
248 2862 1060 2969 Dimanche 1er janvier 1905 pas de concert.
