2056 3270
478 249 1609 381 Koninklijke Maatschappij van Dierkunde
830 366 1292 469 VAN ANTWERPEN
330 454 1767 563 kauppuudestoimin Uuodentuun kauppaa
379 550 1710 636 Zondag 25 December 1904, te 3½ uren ’snamiddags
326 695 1710 880 Symlonisch Concer
931 878 1024 938 affdt
356 861 1750 991 DOOR HET ORKEST DER MAATSCHAPPIJ
213 848 302 984 9
486 951 1616 1061 onder de leiding van M. ED kan DeurveLS
773 1056 1340 1123 EN MET DE MEDKWERKING VAN
396 1085 1728 1237 Mr BERNARD TEN CATE, Orgelist,
519 1206 1591 1277 Laureaat van het Koninklijk Conservatorium van Brussel.
995 1281 1101 1395 st.
804 1400 1272 1526 programma
980 1556 1151 1629 1e DEEL
319 1591 944 1713 I. Freyschütz-Ouvertüre
1343 1633 1794 1713 C. M. VONWEBER
326 1691 958 1770 2. Der fliegende Holländer
971 1658 1294 1796 (bloemlezing)
1334 1691 1717 1783 RICH. WAGNER
321 1754 1041 1854 3. a) Toccata in C dur (orgel.
1334 1767 1684 1854 JOH. S. BACH
392 1832 1140 1922 b) Aanroeping (orgel en orkest)
1347 1836 1644 1922 TH. RITTER
326 1908 1195 1986 4. Plechtige optocht (orgel en orkest)
1338 1889 1699 1983 PETER BENOIT
975 1990 1153 2051 2e DEEL
326 2014 1054 2151 5. Esclarmonde (orkestsuite)
1329 2034 1668 2168 J. MASSENET
476 2118 1310 2214 a) Bruiloft; b) Het Toovereiland; c) Oproeping
326 2173 1176 2283 6. allegro uit de 5e Symfonie (orgel)
1341 2155 1712 2302 CH. M. WIDOR
319 2258 1182 2351 7. a) De geheimzinnige dreve (orgel)
1332 2278 1618 2421 O. LEBEAU
387 2329 1235 2419 b) Meditatie op een Ave Maria van
495 2391 1230 2487 P. Benoit (harp, viool en orgel)
321 2452 1660 2538 8. Godsdienstige marsch (orgel en orkest) CH. GOUROD
370 2573 1779 2633 Woensdag, 28 dezer, te 8 1/2 uren s'avonds: Buitengewoon Concert. Uitvoe
319 2630 1794 2686 ring van werken van den heer RICARDO CASTRO, Toondichter en Pianist, met de
321 2672 1789 2727 medewerking van Mej’s E. Desmaisons en M. Chabry (Zangeressen, MM. Latour
326 2725 1794 2789 (tenor), Surlémont, Van den Eynden en Borkmans (bassen), Marx Lœvensohn
326 2773 1790 2831 (cellist), Mors (violist), en een Gemengd Koor samengesteld uit leden der
321 2820 1363 2881 maatschappijen “ Cœcilia „ en „ Orphéon „ van Brussel.
356 2873 1110 2954 Zondag, 1 Januari 1905 : Geen concert.
1101 2888 1767 3002 Drukk. F. Janssens-Anthonis. — Antwerpen.
