2056 3270
453 357 1503 465 Société Royale de Zoologie d'Anvers
240 471 1695 563 ̃' 1 ̃  ==================̃
365 577 1572 678 Mercredi 28 Décembre 1904, à 8½ hs. du soir
770 704 872 854 L
246 748 1712 929 Concer l'Extraordinaire
343 924 1616 1010 PAR L'ORCHESTRE DE LA SOCIÉTÉ
403 1012 1537 1105 sous la direction de M. EDMARD REURVELS
724 1081 1230 1184 ET AVEC LE CONCOURS DE
368 1149 1585 1252 Mr RICARDO CASTRO (Compositeur et Pianiste),
240 1226 1712 1314 Mlles Emilia DESMAISONS et Marguerite CHABsel (Cantatrices),
453 1303 1504 1365 MM. LATOUR (Ténor), SURLÉMONT (Baryton),
453 1362 1504 1437 VAN DEN EYNDEN et BORKMANS (Basses),
339 1415 1618 1495 MARIX loEVENSÖHN ( Violoncelliste),icR.A (Violoniste)
236 1488 1710 1572 et d'un Chœur Mixte, composé de membres des sociétés «L'ORPHÉON
663 1534 1277 1638 et « CAECILIA » de Buxelles.
925 1607 1037 1723 &C
744 1735 1219 1864 programme
870 1860 1109 1968 1re PARTIE
246 1955 1008 2060 I. Oreus (La Gaîté) Ouverture
1160 1959 1713 2056 MARGUERITE LAENEN
249 2043 755 2131 2. Scènes rustiques
1165 2038 1532 2140 FÉL. DURANT
121 2089 203 2214 ƒ
451 2117 958 2212 (poème symphonique)
332 2195 585 2281 A) Le matin
403 2250 1708 2331 Les dernières brumes de la nuit. — L’aurore. — Le réveil, le mouve¬
370 2325 1719 2377 ment, la vie. — Les flots grandissants de la lumière. — La chasse et les
366 2375 1561 2439 harmonies des bois. — L’apogée de la vie et la splendeur du jour.
330 2423 832 2501 B) Le chant des cloches
335 2485 709 2580 c) Fête villagoise
401 2569 1719 2635 Les musiciens Ambulants aux musettes et cornemuses. — Danse des
374 2617 616 2683 villageois. —
638 2633 1668 2697 Chanson bouffonne. — La chanson de grand'mère.
363 2663 1437 2745 Parodie des bouffons, éclats de rire et reprise de la danse.
334 2730 552 2813 b) Le soir
403 2785 905 2861 Mélancolie du crépuscule.
935 2769 1723 2879 — Scène d’amour. — Les derniers échos de
368 2848 717 2939 la vie champêtre.
