2056 3270
527 460 1433 571 RICARDO CASTRO
350 577 1714 652 Monsieur RICARDO CASTRO est wexicain et disciple de
248 622 1706 695 D’Albert et de Carreno, pour le piano. Il est délégué par le Gouver-
256 681 1714 741 nement Maxicain pour faire une étude approfondie des moyens
256 732 1714 788 d'enseignement des conservatoires européens. Ceci à la suite d'une
256 783 1708 860 tournée de concerts au Maxique où l’enthousiasme atteignit des pro-
265 827 783 894 portions extraordinaires.
425 876 1721 944 fonda à wexico, il y a une dizaine d’années, la première
261 936 1719 986 société de concerts classiques et y fit donner toutes les grandes
257 976 1719 1044 symsphonies classiques : Beethoven, Haydn, Mozart. Il amena peu à
261 1035 1719 1086 peu le public à aimer ces œuvres et fit connaître également les mo¬
248 1071 1716 1128 dernes des écoles française et norwégienne. En butte aux jalousies
261 1133 1719 1188 qu’il avait suscitées par son initative, il se retira et ne voulut plus
270 1168 1719 1228 jouer en public. C'est alors qu’il donna son temps à la composition.
266 1217 1710 1272 Son drame lyrique Atzimba,, n'eut pas moins de 92 représenta
261 1267 1710 1327 tions à Maxico, — Les Maisons françaises Hamelle, Durand, Heugel
261 1312 1555 1387 Fromont, publièrent de lui de ravissantes œuvres pour piano.
356 1367 1723 1425 Après dix ans de silence, il finit par céder aux sollicitations de
266 1413 1717 1464 Teresa Carreno et de ses nombreux amis, et reparnt comme pianiste
261 1462 1719 1518 devant le public. C’est alors qu’un Directeur de journal bien avisé
261 1506 1719 1570 lui offrit dans les colonnes de son journal de lui servir une pension
266 1557 1728 1611 de deux mille francs par mois, pour qu’il pût, pendant un an, se
265 1602 1090 1670 livrer entièrement à l'étude du piano.
1132 1597 1719 1664 Il accepta naturellement et
266 1664 1717 1710 un an après il suscita à son premier concert un tel enthousiasme
265 1716 1728 1768 qu’une tournée fut immédiatement organisée, tournée pendant laquelle
261 1752 1057 1807 il ne donna pas moins de 50 concerts.
365 1792 1725 1874 C’est à la suite de cette tournée qu’il fut envoyé en Europe par
265 1843 688 1920 son Gouvernement
830 1955 1128 2057 Atzimba.
365 2035 1728 2124 Atzimba est une œuvre de théâtre. Le sujet est tiré d’une légende
279 2108 1431 2166 populaire mexicaine ou plutôt d’une légende tarasque.
1517 2108 1719 2164 Atzimba,
266 2157 1725 2217 fille du Roi des Tarasques, aime éperdûment le jeune Jorge de
276 2203 1560 2267 Villadiego, officier de Fernand Cortez qui conquit le Conique.
361 2261 1723 2314 Son jeune amant est choisi par Cortez pour porter un message
266 2307 1719 2356 au roi des Tarasques, lui proposant de reconnaître la domination
266 2347 1719 2398 espagnole sous peine d’avoir à subir toutes les horreurs de la guerre.
369 2393 1719 2458 La scène qui figure au programme représente le roi entouré de
266 2435 1717 2504 ses guerriers, de ses prêtres, de Hirépan, son général, de Huépac
274 2489 1498 2557 grand-prêtre et sacrificeur d’Atzimba avec ses suivantes.
361 2537 1119 2606 Jorge vient porter le défi de Cortez.
369 2570 1726 2643 Le Peuple indigné réclame sa mort. Atzimba intercéde en vain
266 2633 1274 2699 auprès de son père ; celui-ci reste inflexible.
1371 2632 1719 2692 Atzimba tombo
266 2677 1719 2741 évanouie, pendant qu’on entraîne Jorge, qui doit être sacrifié sur
266 2719 1192 2798 l'Autel de la Lune, divinité des Tarasques.
