2056 3270
395 269 1554 404 Koninklijke Maatschappij van Dierkunde
747 365 1215 489 VAN ANTWERPEN
1261 419 1361 494 "
234 470 1696 581 ̃ ̃-
288 566 1659 682 Woensdag 28 December 1904, te 8½ uren's avonds
269 693 1650 933 Buitengewoon Concer
267 926 1687 1038 DOOR HET ORKEST DER MAATSCHAPPIJ
400 1042 1551 1149 onder de leiding van M. EDWERD REURVELS
693 1110 1257 1219 EN MET DE MEDEWERKING VAN
258 1125 372 1217 .0.
306 1198 1659 1280 den Heer RICARDO CASTRO (Toondichter en Pianist)
230 1265 1713 1344 Mejuffers Emilia DESMAISONS en Marguerite CHABRY (Zangeressen),
385 1328 1554 1409 de Heeren LATOUR (Tenor), SURLÉMONT (Baryton),
470 1388 1492 1471 VAN DEN EYNDEN en BORKMANS (Bassen),
336 1458 1619 1519 MARIX loEVENSOHN (Cellist),icR.Violist) en een
286 1504 1672 1591 GEMENme KOOR samengesteld uit leden der Maatschappijen
457 1582 1481 1643 « L’ORPHÉON » en « CAECILIA » van Brussel.
924 1637 1036 1783 FJ
717 1770 1197 1897 programma
900 1914 1060 1997 1e DEEL
240 1980 1110 2056 I. Oreus (De Scherts) Openingstuk
1191 1971 1705 2058 MARGARETA LAENEN
243 2047 839 2124 2. Landelijke Tooneelen
1186 2045 1552 2133 FEL. DURANT.
433 2094 935 2200 (Symfonisch gedicht
315 2176 555 2251 A) Morgen
398 2212 1705 2305 De laatste nevelen van den nacht.— Dageraad. — Ontmaking, beweging
356 2284 1700 2369 leven. — De lichtstroom verbreidt zich. — Jacht en woud-harmonieën. —
369 2342 1040 2406 Volle leven en glanzende zonnelicht.
321 2399 782 2480 B) Zang der klokken
326 2469 618 2531 c) Dorpsfeest
398 2519 1702 2598 Omzwervende muzikanten met doedelzakken en schalmeien. — Boeren-
361 2583 1715 2657 dans. — Koddigheid. — Grootmoederlijk deuntje. — Kluchtspel der
356 2633 1427 2723 grappenmakers, schaterlach en herneming van den dans.
321 2708 540 2771 D) Avond
404 2758 1711 2852 Weemoed van den valavond. — Liefdetooneel. — Laatste galmen van
360 2815 642 2893 het landleven.
