2551 3814
779 383 1673 544 Acht " Magnificat's
255 524 2276 678 op de oude kerktoonaarden, door Ph. De Monte
315 779 693 935 genommenen
718 847 2271 927 den latijnschen tekst van het Magnificat werd door Phi-
663 925 2273 1013 lippus DE MONTE, naar zestiendeeuwsch gebruik, een reeks
673 1000 2273 1086 van acht werken gekomponeerd, die op de verschillende
318 1018 456 1159 C
615 1056 1363 1177 kerktoonaarden berusten.
776 1142 2268 1227 Het eenige bekende exemplaar van deze acht muziek-
476 1169 582 1237 mijn
252 1159 433 1247 Herrn
260 1220 2276 1303 stukken is vervat in een handschrift (56 cm. hoog x 40 cm. breed), dat
262 1288 2276 1366 tevens een gelijkaardig werk bevat door « Christophorus Morales Hispanus
272 1371 2273 1446 (1500-1553) anno salutis 1602 », en andere muziekwerken van de hand van
260 1434 2281 1522 J. P. A. PRENESTINUS (Palestrina) (1526-1594), J. CAVACCIO, J.-J. GASTOLDI,
262 1509 2281 1593 Ces. TUDING, M. ASOLA en L. LECHNER. Op grond van den bandstempel
255 1570 2276 1666 is deze codex herkomstig uit het klooster van Sint Ulrich en Sinte Afra te
257 1653 2271 1741 Augsburg, en werd hij uitgevoerd door Johannes DREER (Treer, Tornarius),
262 1721 2276 1799 den subprior van het convent, welke den 22 April 1616, op 73jarigen ouder-
262 1792 2281 1885 dom overleed. Deze monnik, de kopist van het klooster, heeft ook een
262 1882 2281 1930 « Officium Missae Nuptiale » uitgevoerd, dat in 1579 aan Octavius FUGGER
270 1948 2165 2031 werd opgedragen, en thans ter Nationalbibliothek te Weenen berust.
320 2006 2271 2089 In den codex zijn de werken van DE MONTE voorafgegaan door een ge-
260 2079 2281 2165 kleurde en niet onaardige houtsnede, wier artistiek belang echter niet
267 2155 2276 2245 groot is. De ontwerper heeft wellicht zijn naam verscholen onder eenige
272 2230 2268 2318 van de hoofdletters die onderaan op de houtsnede prijken. Bovenaan ver-
262 2293 2263 2379 meldt een banderol het opschrift : « Canticum/ Beatiss. Virginis Mariae,
270 2376 2273 2475 Quatuor vocum Àuthore/ Philipo de Monte./ Anno domini: 1602». Bij-
272 2449 1794 2543 gaande plaat maakt een verdere beschrijving overbodig.
386 2510 2281 2593 Ook uit het opschrift van Ch.LORALES' werk kan worden opgemaakt
260 2593 2281 2669 dat dit afschrift door den kopist in 1602 werd uitgevoerd : waaruit echter
260 2666 2276 2739 niet hoeft afgeleid dat dit werkelijk de datum zou zijn waarop deze Magni-
270 2734 2286 2820 ficat's door den Mechelschen meester werden gekomponeerd. Het werk
272 2810 2276 2888 is waarschijnlijk van ouderen datum, wat zeker ook geldt voor de kom-
265 2878 2069 2999 posities van MORALES en VALESTRINA, beiden vóór 1602 overleden.
