2554 3820
339 399 2295 515 De partituur werd samengesteld op grond van fotografische opnamen,
291 520 2298 593 door den bestuurder van de Augsburgsche bibliotheek op onze aanvraag
296 590 537 681 bezorgd.
404 658 2303 731 Bij de lezing openbaren deze Magnificat’s een meer homofone straktuur
291 736 2288 811 dan de meeste van DE MONTE'S tot nu toe bekende missen. Alleen de Ber-
291 794 2285 871 lijnsche zesstemmige « Sine Nomine » mis kan in dit opzicht hier aanknoo
299 886 2305 964 pingspunten vertoonen. Het werk in zijn geheel beschouwd - acht onderling
296 949 2293 1030 verschillende komposities op één zelfden tekst - is zeer belangwekkend.
291 1025 2298 1107 DE MONTE’s scheppend genie heeft hier met onverzwakte kracht over het
296 1085 1276 1185 gevaar van eentonigheid gezegevierd.
409 1153 2303 1253 De acht stukken zijn voor vier stemmen — sopraan, alt, tenor en
299 1233 2308 1311 bassus — geschreven ; het vijfde echter voor sopraan, mezzo-soproan, alt en
291 1303 2305 1394 tenor. In de onderhavige uitgave werd dit laatste evenwel getransponeerd
301 1374 2300 1477 op de hoogte van de andere, om alzoo de eenheid van het werk te dienen.
399 1444 2305 1534 Den Z. E. Kan. VAN NUFFEL, die door voordrachtteekens aan deze
299 1517 2305 1615 uitgave een sprekend en levend uitzicht heeft verleend, en den Heer Ch. VAN
296 1600 2315 1683 DEN BORREN, die met zijn erkend gezag de partituur heeft willen herzien,
294 1675 1637 1760 betuigen wij hierbij van harte onzen besten dank.
1532 1823 2187 1914 Dr. G. VAN Doorslaer.
419 1891 1087 1984 Mechelen, 7 Maart 1930.
