<?xml version="1.0" encoding="UTF-8" standalone="yes"?>
<PcGts xmlns="http://schema.primaresearch.org/PAGE/gts/pagecontent/2013-07-15" xmlns:xsi="http://www.w3.org/2001/XMLSchema-instance" xsi:schemaLocation="http://schema.primaresearch.org/PAGE/gts/pagecontent/2013-07-15 http://schema.primaresearch.org/PAGE/gts/pagecontent/2013-07-15/pagecontent.xsd">
    <Metadata>
        <Creator>prov=READ-COOP:name=TrHtr:version=2.23.1:model_id=51170:date=22_02_2025_11:30</Creator>
        <Created>2025-02-21T16:39:15.714+01:00</Created>
        <LastChange>2025-02-22T11:30:12.725+01:00</LastChange>
        <TranskribusMetadata docId="7038992" pageId="91997551" pageNr="4" tsid="230765932" status="IN_PROGRESS" userId="131016" imgUrl="https://files.transkribus.eu/Get?id=CLPECXFPUUHYCFHIVYKQYDMW&amp;fileType=view" xmlUrl="https://files.transkribus.eu/Get?id=RTXWZBAVKEJIFKIRSMIOJVDC" imageId="76789023"/>
    </Metadata>
    <Page imageFilename="0004_kcg-demon-8magnif-39.OP.OMdeMonte23-fs-00013.jpg" imageWidth="2554" imageHeight="3820">
        <ReadingOrder>
            <OrderedGroup id="ro_1757316166970" caption="Regions reading order">
                <RegionRefIndexed index="0" regionRef="tr_1"/>
            </OrderedGroup>
        </ReadingOrder>
        <TextRegion orientation="0.0" id="tr_1" custom="readingOrder {index:0;}">
            <Coords points="277,492 277,3011 2315,3011 2315,492"/>
            <TextLine id="tr_1_tl_1" custom="readingOrder {index:0;}">
                <Coords points="449,563 2094,552 2096,429 1630,510 1420,426 1347,469 1143,426 452,449"/>
                <Baseline points="462,543 544,537 626,537 708,537 790,537 872,534 954,536 1036,537 1118,537 1200,534 1282,533 1364,534 1446,532 1528,531 1610,534 1692,529 1774,528 1856,528 1938,528 2020,528 2103,531"/>
                <TextEquiv>
                    <Unicode>Série de huit "Magnificat composés</Unicode>
                </TextEquiv>
            </TextLine>
            <TextLine id="tr_1_tl_2" custom="readingOrder {index:1;}">
                <Coords points="300,721 638,676 787,729 1193,679 1294,726 2071,724 2248,686 2248,615 1834,565 300,623"/>
                <Baseline points="313,683 410,677 507,674 604,674 701,674 798,672 895,671 992,671 1089,668 1186,671 1283,670 1380,666 1477,665 1574,665 1671,665 1768,665 1865,663 1962,663 2059,662 2156,662 2253,665"/>
                <TextEquiv>
                    <Unicode>par Ph. de Monte sur les tons ecclésiastiques.</Unicode>
                </TextEquiv>
            </TextLine>
            <TextLine id="tr_1_tl_3" custom="readingOrder {index:2;}">
                <Coords points="270,956 323,964 391,938 504,956 552,936 615,961 636,943 656,948 656,885 618,873 568,893 537,875 426,901 406,883 363,895 328,868 267,883"/>
                <Baseline points="280,913 305,918 330,922 356,922 381,923 407,925 432,924 458,922 483,922 509,922 534,922 560,922 585,922 611,923 636,925 662,925"/>
                <TextEquiv>
                    <Unicode>gegenommenen</Unicode>
                </TextEquiv>
            </TextLine>
            <TextLine id="tr_1_tl_4" custom="readingOrder {index:3;}">
                <Coords points="651,979 2283,959 2268,868 1720,868 1582,916 1430,865 964,916 653,883"/>
                <Baseline points="668,957 749,955 830,956 911,957 992,955 1073,955 1154,955 1235,955 1316,952 1397,952 1478,949 1559,949 1640,949 1721,949 1802,946 1883,949 1964,948 2045,946 2126,945 2207,943 2289,940"/>
                <TextEquiv>
                    <Unicode>EE texte latin du Magnificat a servi à Philippe DE MONTE</Unicode>
                </TextEquiv>
            </TextLine>
            <TextLine id="tr_1_tl_5" custom="readingOrder {index:4;}">
                <Coords points="661,1062 2285,1029 2255,954 661,976"/>
                <Baseline points="674,1038 754,1030 835,1029 916,1029 997,1026 1077,1026 1158,1026 1239,1026 1320,1023 1400,1023 1481,1020 1562,1023 1643,1022 1723,1022 1804,1020 1885,1017 1966,1017 2046,1017 2127,1016 2208,1016 2289,1017"/>
                <TextEquiv>
                    <Unicode>pour écrire, suivant une pratique du xvié siècle, une série</Unicode>
                </TextEquiv>
            </TextLine>
            <TextLine id="tr_1_tl_6" custom="readingOrder {index:5;}">
                <Coords points="671,1123 2278,1123 2260,1037 671,1059"/>
                <Baseline points="686,1104 765,1104 845,1101 925,1099 1005,1101 1085,1101 1165,1098 1244,1098 1324,1098 1404,1095 1484,1095 1564,1092 1644,1092 1724,1093 1803,1091 1883,1092 1963,1089 2043,1089 2123,1086 2203,1086 2283,1089"/>
                <TextEquiv>
                    <Unicode>de huit compositions sur les différentstons tons ecclésiastiques.</Unicode>
                </TextEquiv>
            </TextLine>
            <TextLine id="tr_1_tl_7" custom="readingOrder {index:6;}">
                <Coords points="790,1198 2285,1175 2285,1117 2137,1097 2068,1130 1814,1100 792,1135"/>
                <Baseline points="805,1175 879,1171 953,1169 1028,1171 1102,1169 1176,1169 1251,1171 1325,1169 1399,1166 1474,1166 1548,1166 1622,1166 1697,1166 1771,1166 1845,1163 1920,1161 1994,1160 2068,1160 2143,1160 2217,1157 2292,1160"/>
                <TextEquiv>
                    <Unicode>L’antque exemplaire connu de ces huit compositions</Unicode>
                </TextEquiv>
            </TextLine>
            <TextLine id="tr_1_tl_8" custom="readingOrder {index:7;}">
                <Coords points="429,1196 454,1196 467,1206 507,1203 552,1226 580,1221 585,1105 552,1107 535,1090 512,1100 484,1097 462,1090 446,1072 434,1072"/>
                <Baseline points="444,1178 473,1181 502,1181 531,1179 560,1177 590,1175"/>
                <TextEquiv>
                    <Unicode>L</Unicode>
                </TextEquiv>
            </TextLine>
            <TextLine id="tr_1_tl_9" custom="readingOrder {index:8;}">
                <Coords points="643,1286 2280,1251 2280,1175 643,1213"/>
                <Baseline points="656,1250 737,1244 819,1244 900,1247 982,1244 1063,1242 1145,1244 1226,1244 1308,1241 1389,1241 1471,1241 1552,1238 1634,1238 1715,1238 1797,1235 1878,1235 1960,1235 2041,1233 2123,1232 2204,1231 2286,1229"/>
                <TextEquiv>
                    <Unicode>est conservé dans un codex manuscrit, haut de 56 centi-</Unicode>
                </TextEquiv>
            </TextLine>
            <TextLine id="tr_1_tl_10" custom="readingOrder {index:9;}">
                <Coords points="467,1289 489,1292 499,1289 515,1274 522,1279 535,1271 547,1274 552,1269 563,1276 578,1276 578,1231 565,1231 550,1223 530,1228 512,1218 494,1231 467,1231"/>
                <Baseline points="480,1259 505,1259 530,1259 555,1259 581,1259"/>
                <TextEquiv>
                    <Unicode>Om</Unicode>
                </TextEquiv>
            </TextLine>
            <TextLine id="tr_1_tl_11" custom="readingOrder {index:10;}">
                <Coords points="260,1347 2285,1322 2285,1254 262,1294"/>
                <Baseline points="277,1325 377,1321 478,1320 579,1322 680,1322 780,1319 881,1318 982,1316 1083,1316 1183,1316 1284,1313 1385,1313 1486,1313 1586,1313 1687,1310 1788,1310 1889,1307 1989,1304 2090,1302 2191,1304 2292,1307"/>
                <TextEquiv>
                    <Unicode>metres et large de 40 centimètres, où voisinent, avec l’œuvre de Ph. DE</Unicode>
                </TextEquiv>
            </TextLine>
            <TextLine id="tr_1_tl_12" custom="readingOrder {index:11;}">
                <Coords points="270,1433 2285,1405 2268,1322 270,1337"/>
                <Baseline points="283,1393 383,1393 483,1391 583,1393 684,1393 784,1390 884,1390 985,1390 1085,1390 1185,1387 1286,1387 1386,1387 1486,1384 1586,1384 1687,1384 1787,1381 1887,1381 1988,1378 2088,1380 2188,1381 2289,1384"/>
                <TextEquiv>
                    <Unicode>MONTE, des cbants identiques de « Christophoro Morali Hispano (1500-1553),</Unicode>
                </TextEquiv>
            </TextLine>
            <TextLine id="tr_1_tl_13" custom="readingOrder {index:12;}">
                <Coords points="262,1491 1836,1493 2270,1463 2273,1403 638,1400 262,1450"/>
                <Baseline points="277,1471 377,1466 477,1465 577,1465 677,1465 777,1462 877,1462 978,1459 1078,1459 1178,1459 1278,1459 1378,1459 1478,1456 1578,1458 1679,1456 1779,1456 1879,1456 1979,1453 2079,1450 2179,1447 2280,1441"/>
                <TextEquiv>
                    <Unicode>anno salutis i602», et d’autres œuvres des maîtres suivants : J.-P.-A. PRENES-</Unicode>
                </TextEquiv>
            </TextLine>
            <TextLine id="tr_1_tl_14" custom="readingOrder {index:13;}">
                <Coords points="267,1551 2283,1579 2283,1463 2212,1458 267,1483"/>
                <Baseline points="280,1539 380,1536 480,1536 581,1536 681,1536 782,1536 882,1536 983,1539 1083,1542 1184,1538 1284,1533 1384,1533 1485,1536 1585,1532 1686,1530 1786,1528 1887,1528 1987,1525 2088,1523 2188,1519 2289,1525"/>
                <TextEquiv>
                    <Unicode>TINUS (Palestrina) (1526-1594), J. CAVACCIO, J.-J. GASTOLDI, Ces. TUDINO,</Unicode>
                </TextEquiv>
            </TextLine>
            <TextLine id="tr_1_tl_15" custom="readingOrder {index:14;}">
                <Coords points="275,1647 366,1612 515,1645 570,1614 671,1642 719,1612 759,1640 868,1619 918,1652 999,1627 999,1572 880,1556 749,1556 714,1584 648,1546 573,1577 275,1556"/>
                <Baseline points="289,1611 324,1611 360,1611 396,1611 432,1611 468,1611 503,1611 539,1611 575,1610 611,1609 647,1611 682,1611 718,1609 754,1608 790,1608 826,1608 861,1608 897,1608 933,1608 969,1609 1005,1611"/>
                <TextEquiv>
                    <Unicode>M. AsOLA et L. LECHNER.</Unicode>
                </TextEquiv>
            </TextLine>
            <TextLine id="tr_1_tl_16" custom="readingOrder {index:15;}">
                <Coords points="391,1690 2288,1693 2288,1622 2003,1574 1549,1645 1329,1572 1054,1579 918,1652 391,1635"/>
                <Baseline points="405,1683 499,1683 593,1683 688,1683 782,1680 877,1680 971,1680 1066,1680 1160,1680 1255,1677 1349,1674 1443,1674 1538,1677 1632,1674 1727,1673 1821,1671 1916,1671 2010,1668 2105,1665 2199,1665 2294,1665"/>
                <TextEquiv>
                    <Unicode>Ce codex provient, d’après l’empreinte que porte la reliure, du couvent</Unicode>
                </TextEquiv>
            </TextLine>
            <TextLine id="tr_1_tl_17" custom="readingOrder {index:16;}">
                <Coords points="267,1758 1963,1783 2288,1748 2288,1698 391,1688 267,1733"/>
                <Baseline points="280,1754 380,1754 481,1754 582,1756 682,1754 783,1751 884,1751 984,1751 1085,1751 1186,1751 1287,1748 1387,1748 1488,1745 1589,1747 1689,1745 1790,1743 1891,1742 1991,1741 2092,1741 2193,1739 2294,1739"/>
                <TextEquiv>
                    <Unicode>de Saint Ulrich et de Sainte Afra d’Augsbourg, et a été callographié par</Unicode>
                </TextEquiv>
            </TextLine>
            <TextLine id="tr_1_tl_18" custom="readingOrder {index:17;}">
                <Coords points="272,1844 2290,1819 2270,1748 272,1771"/>
                <Baseline points="286,1829 386,1829 487,1829 587,1826 688,1826 788,1826 889,1824 989,1823 1090,1823 1190,1823 1291,1821 1392,1820 1492,1820 1593,1820 1693,1816 1794,1815 1894,1814 1995,1814 2095,1811 2196,1811 2297,1811"/>
                <TextEquiv>
                    <Unicode>le sous-prieur de ce monastère, Johannes DREER (Treer, Tornarius), décédé</Unicode>
                </TextEquiv>
            </TextLine>
            <TextLine id="tr_1_tl_19" custom="readingOrder {index:18;}">
                <Coords points="272,1910 2288,1907 2288,1839 272,1846"/>
                <Baseline points="286,1904 386,1901 486,1901 587,1898 687,1898 788,1901 888,1901 988,1900 1089,1898 1189,1895 1290,1893 1390,1892 1490,1892 1591,1891 1691,1889 1792,1888 1892,1886 1992,1886 2093,1884 2193,1883 2294,1883"/>
                <TextEquiv>
                    <Unicode>le 22 avril 1616, à l'âge de 73 ans. Ce religieux, copiste du couvent, a aussi</Unicode>
                </TextEquiv>
            </TextLine>
            <TextLine id="tr_1_tl_20" custom="readingOrder {index:19;}">
                <Coords points="277,1998 2293,1980 2293,1912 277,1915"/>
                <Baseline points="292,1972 392,1972 492,1972 593,1972 693,1972 794,1971 894,1972 994,1972 1095,1969 1195,1966 1296,1966 1396,1965 1496,1963 1597,1962 1697,1960 1798,1960 1898,1963 1998,1962 2099,1960 2199,1955 2300,1954"/>
                <TextEquiv>
                    <Unicode>tracé de sa main un « Officium Missae Nuptiale », dédié, en 1579, à Octave</Unicode>
                </TextEquiv>
            </TextLine>
            <TextLine id="tr_1_tl_21" custom="readingOrder {index:20;}">
                <Coords points="280,2071 1930,2068 1930,1998 1776,1975 280,1998"/>
                <Baseline points="295,2044 376,2042 458,2047 540,2044 622,2044 704,2044 786,2046 868,2044 950,2044 1032,2041 1114,2041 1195,2038 1277,2038 1359,2037 1441,2035 1523,2035 1605,2035 1687,2033 1769,2032 1851,2029 1933,2038"/>
                <TextEquiv>
                    <Unicode>FUGGER, et qui repose à la « Nationalbibliothek » de Vienne.</Unicode>
                </TextEquiv>
            </TextLine>
            <TextLine id="tr_1_tl_22" custom="readingOrder {index:21;}">
                <Coords points="396,2142 2293,2124 2293,2053 2154,2046 1196,2094 1057,2048 399,2056"/>
                <Baseline points="411,2118 505,2115 599,2118 694,2115 788,2115 883,2115 977,2114 1072,2112 1166,2114 1261,2112 1355,2109 1449,2106 1544,2106 1638,2106 1733,2106 1827,2103 1922,2103 2016,2103 2111,2101 2205,2098 2300,2101"/>
                <TextEquiv>
                    <Unicode>Les huit compositions de Ph. DE MONTE sont précédées d’une gravure</Unicode>
                </TextEquiv>
            </TextLine>
            <TextLine id="tr_1_tl_23" custom="readingOrder {index:22;}">
                <Coords points="275,2212 2268,2207 2295,2124 275,2149"/>
                <Baseline points="289,2190 389,2188 490,2190 590,2190 691,2187 791,2187 892,2187 992,2187 1093,2187 1193,2184 1294,2184 1395,2181 1495,2181 1596,2178 1696,2178 1797,2177 1897,2175 1998,2175 2098,2175 2199,2172 2300,2169"/>
                <TextEquiv>
                    <Unicode>sur bois, coloriée et curieuse, mais d’ordre artistique secondaire, dont</Unicode>
                </TextEquiv>
            </TextLine>
            <TextLine id="tr_1_tl_24" custom="readingOrder {index:23;}">
                <Coords points="275,2273 2293,2268 2293,2202 2094,2190 277,2212"/>
                <Baseline points="292,2262 392,2262 492,2263 592,2262 693,2262 793,2262 893,2260 993,2259 1094,2259 1194,2261 1294,2256 1394,2256 1495,2253 1595,2253 1695,2251 1795,2248 1896,2247 1996,2247 2096,2247 2196,2245 2297,2244"/>
                <TextEquiv>
                    <Unicode>l’auteur est indiqué, sans doute, par l’un des groupes d’initiales figurant</Unicode>
                </TextEquiv>
            </TextLine>
            <TextLine id="tr_1_tl_25" custom="readingOrder {index:24;}">
                <Coords points="272,2351 2290,2341 2290,2268 272,2311"/>
                <Baseline points="286,2333 386,2336 487,2335 587,2333 688,2333 788,2333 889,2333 989,2331 1090,2330 1190,2330 1291,2327 1392,2324 1492,2324 1593,2324 1693,2323 1794,2321 1894,2321 1995,2318 2095,2318 2196,2318 2297,2318"/>
                <TextEquiv>
                    <Unicode>au bas du dessin. Dans le haut, un cartouche contient ce titre : « Canticum/</Unicode>
                </TextEquiv>
            </TextLine>
            <TextLine id="tr_1_tl_26" custom="readingOrder {index:25;}">
                <Coords points="277,2419 2285,2412 2285,2338 277,2359"/>
                <Baseline points="292,2408 392,2406 492,2407 592,2408 692,2405 792,2405 892,2405 992,2405 1092,2405 1192,2402 1292,2402 1392,2399 1492,2399 1592,2396 1692,2394 1792,2393 1892,2393 1992,2393 2092,2390 2192,2390 2292,2396"/>
                <TextEquiv>
                    <Unicode>Beatiss. Virginis Mariae / Quatuor vocum Authori/ Philipo de Monte.,</Unicode>
                </TextEquiv>
            </TextLine>
            <TextLine id="tr_1_tl_27" custom="readingOrder {index:26;}">
                <Coords points="280,2492 2303,2487 2303,2429 2195,2409 280,2419"/>
                <Baseline points="295,2480 395,2480 496,2480 597,2480 697,2480 798,2480 899,2480 999,2480 1100,2477 1201,2474 1302,2473 1402,2471 1503,2471 1604,2470 1704,2470 1805,2468 1906,2465 2006,2465 2107,2462 2208,2462 2309,2462"/>
                <TextEquiv>
                    <Unicode>Anno domini : 1602». La reproduction ci-devant nous dispensera d’une</Unicode>
                </TextEquiv>
            </TextLine>
            <TextLine id="tr_1_tl_28" custom="readingOrder {index:27;}">
                <Coords points="288,2563 341,2583 557,2563 613,2591 805,2560 837,2583 979,2575 979,2497 767,2497 737,2520 711,2497 560,2517 288,2492"/>
                <Baseline points="301,2554 335,2552 369,2551 403,2551 437,2551 471,2551 505,2551 540,2551 574,2551 608,2554 642,2552 676,2551 710,2551 744,2551 779,2551 813,2551 847,2550 881,2548 915,2550 949,2551 984,2554"/>
                <TextEquiv>
                    <Unicode>description plus détaillée.</Unicode>
                </TextEquiv>
            </TextLine>
            <TextLine id="tr_1_tl_29" custom="readingOrder {index:28;}">
                <Coords points="404,2631 2280,2641 2298,2550 406,2570"/>
                <Baseline points="417,2626 511,2623 605,2626 699,2623 794,2623 888,2621 982,2623 1077,2621 1171,2621 1265,2620 1360,2617 1454,2617 1548,2614 1642,2614 1737,2613 1831,2611 1925,2611 2020,2609 2114,2609 2208,2605 2303,2602"/>
                <TextEquiv>
                    <Unicode>Si le travail du copiste a été exécuté en 1602, ainsi qu’il appert des</Unicode>
                </TextEquiv>
            </TextLine>
            <TextLine id="tr_1_tl_30" custom="readingOrder {index:29;}">
                <Coords points="283,2702 2308,2697 2308,2639 2167,2618 285,2654"/>
                <Baseline points="298,2697 398,2694 499,2697 600,2697 701,2694 802,2696 903,2696 1003,2694 1104,2694 1205,2691 1306,2691 1407,2688 1508,2688 1609,2688 1709,2687 1810,2683 1911,2682 2012,2682 2113,2679 2214,2679 2315,2682"/>
                <TextEquiv>
                    <Unicode>titres des œuvres de Chr. MORALES et de PH. DE MONTE, il n'en découle pas</Unicode>
                </TextEquiv>
            </TextLine>
            <TextLine id="tr_1_tl_31" custom="readingOrder {index:30;}">
                <Coords points="293,2795 2308,2780 2308,2704 293,2717"/>
                <Baseline points="307,2769 407,2769 507,2769 608,2769 708,2769 809,2769 909,2768 1009,2766 1110,2766 1210,2763 1311,2763 1411,2763 1511,2760 1612,2760 1712,2757 1813,2754 1913,2754 2013,2754 2114,2752 2214,2751 2315,2754"/>
                <TextEquiv>
                    <Unicode>qu’il faille attribuer cette même date à la composition de l’œuvre du</Unicode>
                </TextEquiv>
            </TextLine>
            <TextLine id="tr_1_tl_32" custom="readingOrder {index:31;}">
                <Coords points="290,2855 2308,2848 2308,2790 290,2805"/>
                <Baseline points="304,2844 404,2844 505,2844 605,2843 706,2841 806,2844 907,2841 1007,2839 1108,2838 1208,2837 1309,2835 1410,2835 1510,2832 1611,2832 1711,2830 1812,2829 1912,2829 2013,2826 2113,2826 2214,2826 2315,2826"/>
                <TextEquiv>
                    <Unicode>maître ; elle est, vraisemblablement, antérieure, comme le sont, sans</Unicode>
                </TextEquiv>
            </TextLine>
            <TextLine id="tr_1_tl_33" custom="readingOrder {index:32;}">
                <Coords points="288,2929 2306,2913 2278,2848 2010,2825 288,2871"/>
                <Baseline points="301,2915 401,2916 502,2917 602,2916 703,2915 803,2915 904,2912 1004,2912 1105,2912 1205,2909 1306,2909 1407,2906 1507,2903 1608,2905 1708,2903 1809,2900 1909,2900 2010,2899 2110,2897 2211,2897 2312,2897"/>
                <TextEquiv>
                    <Unicode>conteste, toutes les oeuvres deLORALES et de VALESTRINA, décédés tous</Unicode>
                </TextEquiv>
            </TextLine>
            <TextLine id="tr_1_tl_34" custom="readingOrder {index:33;}">
                <Coords points="285,3022 361,3027 396,3002 454,3022 497,2999 588,3022 643,3009 671,3027 752,2999 777,3009 777,2949 641,2954 585,2936 563,2954 351,2954 323,2939 285,2951"/>
                <Baseline points="298,2990 323,2990 349,2990 374,2990 400,2990 425,2990 451,2990 477,2990 502,2990 528,2990 553,2990 579,2990 604,2990 630,2990 656,2990 681,2990 707,2990 732,2990 758,2991 784,2993"/>
                <TextEquiv>
                    <Unicode>deux avant 1602.</Unicode>
                </TextEquiv>
            </TextLine>
        </TextRegion>
    </Page>
</PcGts>
