2549 3748
404 394 2294 481 La mise en portion a été faite d’après des photographies que le Direc-
291 481 2302 577 teur de la Bibliothèque d’Augsbourg a bien voulu faire exécuter à notre
293 547 554 654 demande.
404 564 2287 702 A la lecture, ces Magnificat apparaissent d’une composition plus homo-
296 685 2299 785 phone que celle de la plupart des messes déjà connues de Ph. DE MONTE,
296 747 2307 855 seule la messe Sine Nomine à 6 voix, de Berlin, peut leur être comparée à cet
303 843 479 938 égard.
419 883 2302 990 L’ensemble offre un intérêt indéniable, grâce à la succession de huit
296 965 2307 1046 compositions différentes sur un même texte : difficulté dont le génie créateur
306 1041 2309 1166 de Ph. DE MONTE, toujours prodigue de ressources, s’est joué avec la plus
296 1118 810 1224 incroyable aisance.
416 1158 2312 1286 Les huit morceaux sont écrits pour 4 voix : sopiano, alto, ténor, et basse,
298 1254 2309 1357 à l'exception du cinquième, composé pour soprano, mezzo-sopiano, alto et
303 1342 2309 1419 ténor. Dans un but d'unité, ce dernier Magnificat a été placé, par voie de
313 1414 2307 1492 transposition, au même niveau que les autres, dans la présente édition.
421 1482 2297 1585 A Monsieur le chanoine J. VAN NUFFEL qui, par ses asnotations dyna-
311 1557 2309 1630 miques, a donné une vie réelle à ces différents morceaux, et à Monsieur Ch,VAN
308 1617 2312 1710 DEN BORREN, dont la compétence toute spéciale a été utilisée pour la
308 1690 2314 1800 revision de la natation, nous adressons nos remerciements les plus vifs et les
311 1778 697 1876 plus cordiaux.
1555 1873 2197 2016 Dr. G. VAN Doorslaer
426 1956 1088 2104 Malines, le 7 mars 1930.
