2549 3748
314 347 2138 507 Acht "Magnificat" in alter Kirchentonart
811 476 1644 644 von Ph. de Monte
271 778 585 877 zunemmenen
598 768 2235 884 FEM Usus des 16. Jhdts. gemäss komponierte Philippus
631 894 2225 986 DE MONTE auf den lateinischen Magnificattext eine Samm-
623 943 2197 1057 lung von acht Werken in verschiedenen Kirchentonarten.
758 1019 2237 1102 Das einzige bekannte dieser acht Tonwerke ist in
220 1095 2235 1186 einem Ms. (56 cm. hoch, 40 cm. breit) enthalten, welches
218 1178 2237 1249 zugleich ein ähnliches Werk des Christophorus Morales Hispanus (1500-
220 1242 2245 1330 1553) anno salutis 1602 " und andere Stücke von J. P. A. PRAENESTINUS
236 1312 2237 1404 (Palestrina) 1526-1594, J. CAVACCIO, J J. GASTOLDI, Ces. TUDING, MASOLA
220 1399 2237 1462 und L. LECHNER enthält. Auf Grund des Einbandstempels würde dieser
223 1457 2242 1546 Codex dem Kloster S. Ulrich und S. Afra in Augsburg entstammen und dessen
220 1528 2232 1617 Herstellung dem Subprior des Conventes, Johannes DREER (Treer, Tor-
213 1604 2242 1675 narius), † 23 April 1616, 73 Jahre alt, zuzuschreiben sein. Dieser Mönch
218 1675 2237 1758 kopierte auch ein " Officium Missae Nuptiale", das 1579 Octavius FUGGER
220 1748 2237 1834 gewidmet wurde und neuerdings der Wiener Nationalbibliothek einverleibt
226 1824 421 1926 wurde.
345 1900 2237 1989 In diesem Codex ist dem Werk DE MONTE’S ein farbiger, nicht unin-
228 1961 2240 2052 teressanter Holzschnitt beigegeben, dessen künstlerischer Wert indes
218 2032 2237 2121 nicht bedeutend ist. Hinter den Majuskeln verbirgt sich wohl der Name
231 2113 2242 2184 des Künstlers, während obenan eine Banderolle die Aufschrift trägt :“ Can-
223 2171 2240 2270 ticum Beatiss. Virginis Mariae Quatuor vocum Authore Philippo de Monte.
218 2275 2242 2356 Anno Domini 1602”. Es erübrigt sich, nebenstehende Abbildung einer
231 2329 1432 2410 eingehenderen Beschreibung zu unterziehen.
345 2387 2242 2483 Auch die Aufschrift von Christ.LORALES' Werk deutet auf 1602 als
220 2475 2250 2554 Ursprungsjahr der Kopie, nicht aber der Komposition des Mechelner Meisters.
218 2539 2255 2617 Die obgenannten Werke sind wohl älteren Ursprungs.LES und
220 2620 1551 2691 PALESTRINA verstarben ja bekanntlich vor 1602.
345 2693 2255 2769 Auf unsere Anfrage liess die Augsburger Bibliothek die Partitur auf
231 2759 1710 2843 Grund photographischer Aufnahmen für uns herstellen.
337 2823 2255 2914 Diese Magnificat-Kompositionen von DE MONTE weisen eine mehr
