2540 3738
299 309 2308 477 homophone Struktur auf als seine bis jetzt bekannt gewordenen Messen,
299 426 2311 549 mit Ausnahme der Berliner sechsstimmigen Sine Nomine-Messe, mit der
296 494 2316 630 sich hier Anknüpfungspunkte zeigen. DE MONTE'S schaffender Genius hat
309 549 2321 712 sich in diesen acht Magnificat- Bearbeitungen mit ungeschmälerter Kraft
314 647 1636 763 der Gefahr der Eintönigkeit zu entziehen gewusst.
426 682 2308 838 Sieben von den acht Werken sind für Sopr., Alt. Ten. und Bass geschrie-
316 793 2321 906 ben ; eines jedoch für Sopr., Me 1820-sogr., Alt und Tenor. In vorliegender
309 871 2205 986 Ausgabe erscheint es im Interesse des Gesamteindruckes transponiert.
434 933 2323 1039 S. H., Herrn Domkapitular VAN NUFFEL, dessen Vortragszeichen dem
316 1004 2331 1114 Werke ein ansprechendes und lebendiges Aussehen verleihen, sowie Herrn
324 1074 2328 1189 Ch. VAN DEN BORREN, der mit seiner altbewährten Sachkenntnis die
321 1144 2200 1310 Partitur revidierte, drücken wir hiermit unsem herzlichen Dank aus.
1596 1239 2228 1412 Dr. G. VAN Doorslaer
444 1362 1074 1510 Mecheln, 7 März 1930.
