2540 3738
368 314 2165 482 The "Magnificat" in eight compositions
363 464 2155 588 of Ph. de Monte on ecclesiastical modes
264 753 2269 875 HILIPPE DE MONTE made use of the latin text of the
674 867 2276 930 « Magnificat » in order to write, according to a custom
669 913 2276 1027 prevalling in the 16th century, a series of eight compositions
499 971 1524 1115 on various ecclesiastical mode.
796 1060 2276 1151 The only known copy of these compositions exists in
256 1088 664 1184 rung
251 1151 2276 1232 a manuscript codex, 56 centmeters long and 40 centimeters imoad,
251 1219 2274 1323 also containing some identical song of « Christophoro Morali Hispano
266 1278 2274 1371 (1500-1553), anno salutis 1602 » and other works of the following matters :
266 1374 2274 1450 J. P. A. PRENESTINUS (Palestrina) (1526-1594), J. CAVACCIO, J.-J. GAS-
256 1440 1572 1521 TOLDI, Ces. TUDING, M. ASOLA and L. LECHNER.
385 1491 2279 1587 The imprint on the binding proves that this codex belonged to the
256 1574 2279 1676 convent of Saint Ulrich and Saint Afra of Augsburg ; it was penned by the
256 1645 2284 1731 subprior of this monastery, Johannes DREER (Treer, Tornarius), who died
264 1731 2292 1807 on the 22d april 1616, at the age of 73 years. This monk, the convent’s
264 1782 2238 1873 copyist, also tried, in his own hand, an " Officium Missae Nuptiale
271 1848 2279 1947 dedicated, in 1579, to Octave FUGGEE and which is now in the " Natio-
264 1932 1004 2041 nalbibliothek" at Vienna.
388 2008 2294 2094 The eight Gcompositions of Ph. DE MONTE are headed by a coloured
264 2069 2297 2165 and rather quant wood-cut, of second-rate artistic value, the author of
276 2165 2294 2228 which seems to have signed by one of the groups of initials at the lower
279 2228 2294 2317 part of the drawing ; on the scroll at the top runs a title as follows :
281 2297 2294 2365 " Canticum/ Beatiss. Virginis Mariae/ Quatuor vocum Authori/ Philipo de
271 2363 2297 2449 Monte/ Anno domini: 1602”. As we reproduce it on our Frontispience,
269 2429 1306 2548 further description seems superfluous.
388 2515 2299 2586 although the copyist’s work dates from 1602, as appears from the
281 2591 2297 2669 tibles of the compositions of Chr.LORALES and J. VALESTRINA, it cannot
276 2669 2302 2733 from this be taken for granted that the work of the Mechanian master dates
276 2718 2304 2837 from that year ; it is probably earlier, as is Augustionably the case with
276 2801 2264 2930 the compositions ofLORALES and VALESTRINA, who both died before 1602.
