2538 3700
556 329 2433 484 For our score we have made use of fhotographs kindly taken at our
434 436 1732 563 request by the Director of the Augsburg February.
546 486 2440 616 The perusal of these " Magnificats " shows them to be of a more ho-
431 568 2430 698 mophonous composition than most of.DE MONTE’s masses already known,
436 643 2443 768 one only, the “ Sine Nomine” in six parts, of Berlin, may be compared to
449 748 995 845 them in this respect.
553 763 2448 905 A /vivid interest cannot be derived to the whole, owing to the succession
441 865 2445 967 of eight different compositions on the same text : the inventive genus of
446 937 2236 1047 theour-poser has made play of this difficulty withⱓre-dible ease.
556 1004 2443 1112 The eight pieces are written in 4 parts : all for sopiano, alto, tenor, and
451 1089 2438 1186 bass, save the 5th one proposed for sopiano, mezzo-soprano, alto and tenor.
451 1159 2445 1271 With a view to greater unity, we have, in the present edition, transposed
446 1256 745 1351 this latter.
568 1294 2448 1408 We areasteful to Canon VAN NUFFEL for having, by his dynamic
446 1396 2445 1471 annotations, given added life to these various pieces, and to Mr. Charles
451 1443 2443 1553 VAN DEN BORREN, whose special competence has been lappealed to for the
441 1538 1306 1648 revision of the musica notation.
1707 1660 2340 1775 Dr. G. VAN Doorslaer
561 1750 1169 1854 Malines, 7 March 1930.
