10875 16967
2463 1130 9900 1845 Une autre observation que nous ne devons pas omettre, c'est que les
2183 1661 9813 2250 anciens plaçaient toujours à la clef un bémol de moins que les modernes
2173 2077 9891 2675 et qu'en outre ils négligeaient souvent de marquer le premier bémol et
2173 2453 9871 3043 le premier dièze ou bécarre accidentels. Leur pratique à cet égard con¬
2164 2840 9881 3410 sistait à effectuer ce bémol sur la septième de l'échelle, et le dièze ou
2183 3236 9871 3873 becarre sur la quatrième, toutes les fois que ces notes formaient triton
2173 3593 9833 4192 dans la mélodie, sans que la première fût ascendante ou la seconde des
2173 3970 3187 4501 cendante
2434 4404 9852 5013 d'invite ceux qui désireraient connaître plus à fond toutes ces théo¬
2144 4733 9929 5380 ries, aujourd'hui généralement peu connues, à consulter l'Exposition
2135 5119 9910 5766 étementaire des Principes de la Musique, servant de complément
2154 5525 9871 6153 a ma Méthode concertante, exposition qui paraîtra dans le courant
2154 5950 9852 6481 de cette année : on les trouvera encore avec plus de développement
2154 6298 9833 6935 dans mon Introduction à l'étude générale et raisonnée de la Mu¬
2144 6665 6413 7234 sique, qui paraîtra un peu plus tard
2444 7051 9881 7659 Quant au style d'exécution, je me bornerai à dire que toute cette
2135 7428 9755 8065 musique doit être chantée en sons filés et soutenus, à quart de voix
2135 7882 9862 8413 avec beaucoup de justesse, d'un mouvement égal et modéré, avec la
2173 8229 9804 8838 plus grande simplicité, mais avec beaucoup d'onction et de douceur
2164 8625 9842 9234 Exécutée de cette manière, elle produit un effet extraordinaire, qui
2115 8973 9842 9630 à réellement quelque chose de surnaturel et qui justifie la qualification
2096 9398 9804 9997 de genre sublime, que les maîtres de tous les temps ont exclusives
2106 9813 7959 10383 ment et unanimement décernée au style de Palestrina.
7978 10151 8857 10721 A. CH.
2299 10943 9678 11639 P. 8. Pour exercer les lecteurs à l'exécution de ces sortes de compositions
2106 11378 9668 11967 nous avons placé à la suite du recueil un cahier de Solfèges du même genre
2106 11716 9784 12257 composé par Palestrina , sous le titre de Ricercari. Ces leçons ont été apportées
2086 11996 9784 12576 de Kome par M. BENorT, organiste de la chapelle de S. M., qui les a acquises
2135 12296 9775 12836 pendant son séjour à l'école des beaux-arts. Les lamentations et les répons m'ont
2057 12556 9784 13175 cte communiqués par M. PERNE, inspecteur général de l'Ecole royale de Mu¬
2077 12836 9765 13542 sique les autres pièces sont tout ce qui compose la collection donnée par le
2067 13165 3719 13735 docteur BURNEY.
