10875 16967
1968 2169 8235 2837 OBSERVATIONS PRÉLIMINAIRES.
1299 3860 8875 4653 I4 manière dont la mesure est indiquée dans les pièces qui com¬
1290 4376 8885 5006 posent ce Recueil étant peu familière à un grand nombre d'artistes
1232 4786 8904 5369 et même inconnue à plusieurs d'entre eux, il pourrait arriver que
1242 5178 8914 5761 cette circonstance nuisit à l'exécution, en rendant difficile et même
1242 5560 8799 6153 impossible la lecture de ces chefs-d'œuvres : je crois donc utile de pla¬
1223 5923 8025 6583 cer ici quelques renseignemens propres à aplanir les difficultes.
1481 6296 8847 6955 Si l'on excepte un passage qui se trouve vers le milieu du Stabat,
1252 6621 8914 7318 toute la musique de ce recueil est composée dans la mesure dite a
1280 7079 8818 7719 Capella: c'est une mesure à deux temps, d'un mouvement modéré
1271 7481 8885 8130 qui s'indique par un demi-cercle ou C barré. Dans ce genre, chaque
1223 7872 8837 8493 ronde ou semi brêve vaut une mesure; chaque blanche ou minime
1261 8245 8875 8875 vaut un temps qui est de la durée d'une seconde ou environ ; chaque
1213 8570 7318 9296 ronde vaut donc deux temps, l'un frappé et l'autre levé.
1548 8971 8837 9640 Cela posé, il faut remarquer que dans cette notation, l'on ne tire
1299 9382 8847 9993 généralement les barres de mesure que de deux en deux rondes, quel¬
1223 9764 8847 10442 quefois de trois en trois, ou même de quatre en quatre. On nomme
1213 10156 8866 10777 case ou caselle (en italien Casella) chaque portion ou fragment de
1232 10538 8866 11159 la portée qui se trouve comprise entre deux barres de mesure consécu¬
1232 10872 8875 11570 tives. On voit donc que chaque case peut contenir deux, trois, ou
1232 11331 8837 11856 même quatre mesures, et que pour frapper cette mésure, c'est essen¬
1232 11665 8761 12248 diellement au nombre et à la figure des notes, et non pas aux barres
1271 12019 8885 12706 qu'il faut s'arrêter. En un mot, on devra battre dans chaque case
1213 12506 7165 13060 autant de mesures à deux temps qu'il y aura de rondes.
1490 12802 8866 13509 A l’égard du passage qui se trouve dans le Stabat, pâge 7, sur les
1280 13241 8875 13939 paroles Ela Mater, etc., c'est une mesure à trois temps, dans laquelle
1223 13757 4423 14350 chaque ronde vaut un temps,
