<?xml version="1.0" encoding="UTF-8" standalone="yes"?>
<PcGts xmlns="http://schema.primaresearch.org/PAGE/gts/pagecontent/2013-07-15" xmlns:xsi="http://www.w3.org/2001/XMLSchema-instance" xsi:schemaLocation="http://schema.primaresearch.org/PAGE/gts/pagecontent/2013-07-15 http://schema.primaresearch.org/PAGE/gts/pagecontent/2013-07-15/pagecontent.xsd">
    <Metadata>
        <Creator>prov=READ-COOP:name=TrHtr:version=2.23.1:model_id=51170:date=22_02_2025_12:21</Creator>
        <Created>2025-02-21T16:27:53.022+01:00</Created>
        <LastChange>2025-02-22T12:21:30.288+01:00</LastChange>
        <TranskribusMetadata docId="7038791" pageId="91996501" pageNr="2" tsid="230777350" status="IN_PROGRESS" userId="131016" imgUrl="https://files.transkribus.eu/Get?id=PNNXPZFADWMLFXWDOYFRCWBD&amp;fileType=view" xmlUrl="https://files.transkribus.eu/Get?id=WPJHAWVEVBZETFATKTUALBKN" imageId="76789275"/>
    </Metadata>
    <Page imageFilename="0002_bsb-wittf-dirkirc-991081984929707356-mt-00007.jpg" imageWidth="6684" imageHeight="10660">
        <ReadingOrder>
            <OrderedGroup id="ro_1757316137875" caption="Regions reading order">
                <RegionRefIndexed index="0" regionRef="tr_1"/>
                <RegionRefIndexed index="1" regionRef="tr_2"/>
                <RegionRefIndexed index="2" regionRef="tr_3"/>
            </OrderedGroup>
        </ReadingOrder>
        <TextRegion id="tr_1" custom="readingOrder {index:0;}">
            <Coords points="364,1155 6344,1155 6344,4235 364,4235"/>
            <TextLine id="tr_1_tl_1" custom="readingOrder {index:0;}">
                <Coords points="627,1239 6327,1291 6327,1074 5879,1000 627,1059"/>
                <Baseline points="668,1205 758,1205 847,1205 937,1205 1026,1205 1116,1211 1205,1211 1295,1211 1384,1211 1474,1205 1563,1205 1653,1211 1742,1205 1832,1205 1921,1205 2011,1211 2100,1211 2190,1211 2280,1211 2369,1211 2459,1211 2548,1211 2638,1211 2727,1211 2817,1211 2906,1211 2996,1205 3085,1205 3175,1205 3264,1205 3354,1205 3443,1205 3533,1205 3622,1205 3712,1205 3802,1205 3891,1205 3981,1211 4070,1211 4160,1211 4249,1205 4339,1205 4428,1211 4518,1205 4607,1211 4697,1205 4786,1205 4876,1205 4965,1211 5055,1211 5144,1217 5234,1217 5324,1211 5413,1211 5503,1211 5592,1211 5682,1211 5771,1211 5861,1217 5950,1217 6040,1217 6129,1217 6219,1217 6308,1217 6338,1217"/>
                <TextEquiv>
                    <Unicode>An die Mitglieder des allgemeinen deutschen Cäcilien=Bereins sind bereits fol¬</Unicode>
                </TextEquiv>
            </TextLine>
            <TextLine id="tr_1_tl_2" custom="readingOrder {index:1;}">
                <Coords points="321,1455 701,1365 1291,1447 1604,1365 1880,1477 2216,1373 2380,1470 2664,1403 2656,1253 2425,1224 321,1276"/>
                <Baseline points="364,1372 441,1366 531,1366 620,1366 710,1360 799,1360 889,1360 978,1360 1068,1360 1157,1354 1247,1360 1336,1360 1426,1360 1516,1360 1605,1360 1695,1360 1784,1360 1874,1360 1963,1360 2053,1360 2142,1354 2232,1354 2321,1354 2411,1354 2500,1354 2590,1360 2679,1354"/>
                <TextEquiv>
                    <Unicode>gende Vereinsgaben vertheilt worden:</Unicode>
                </TextEquiv>
            </TextLine>
            <TextLine id="tr_1_tl_3" custom="readingOrder {index:2;}">
                <Coords points="672,1619 918,1559 992,1634 1156,1567 1425,1634 1492,1574 1552,1619 1649,1567 1798,1567 1798,1410 1694,1388 1492,1433 1365,1395 1291,1440 977,1395 903,1455 672,1418"/>
                <Baseline points="710,1557 746,1551 835,1539 925,1545 1014,1539 1104,1545 1193,1545 1283,1539 1372,1539 1462,1533 1551,1533 1641,1539 1730,1539 1820,1545"/>
                <TextEquiv>
                    <Unicode>Im ersten Jahre:</Unicode>
                </TextEquiv>
            </TextLine>
            <TextLine id="tr_1_tl_4" custom="readingOrder {index:3;}">
                <Coords points="373,1821 6320,1850 6267,1604 373,1597"/>
                <Baseline points="417,1760 507,1766 596,1766 686,1766 775,1766 865,1766 954,1766 1044,1766 1134,1766 1223,1766 1313,1766 1402,1766 1492,1760 1581,1760 1671,1754 1760,1760 1850,1760 1939,1760 2029,1760 2118,1760 2208,1760 2297,1766 2387,1766 2476,1766 2566,1778 2656,1778 2745,1778 2835,1772 2924,1778 3014,1778 3103,1778 3193,1778 3282,1778 3372,1778 3461,1778 3551,1778 3640,1778 3730,1784 3819,1784 3909,1778 3998,1778 4088,1778 4178,1778 4267,1778 4357,1784 4446,1784 4536,1784 4625,1778 4715,1778 4804,1778 4894,1784 4983,1784 5073,1784 5162,1784 5252,1784 5341,1784 5431,1784 5520,1784 5610,1778 5700,1784 5789,1784 5879,1784 5968,1784 6058,1784 6147,1784 6237,1784 6326,1772 6338,1772"/>
                <TextEquiv>
                    <Unicode>Die Behandlung der Orgel von Bernhard Mettenleiter, Chorregent bei St. Lorenz</Unicode>
                </TextEquiv>
            </TextLine>
            <TextLine id="tr_1_tl_5" custom="readingOrder {index:4;}">
                <Coords points="463,1985 6297,2022 6118,1798 463,1828"/>
                <Baseline points="507,1933 584,1933 674,1933 763,1927 853,1927 943,1927 1032,1933 1122,1933 1211,1933 1301,1927 1390,1927 1480,1927 1569,1927 1659,1927 1748,1927 1838,1927 1927,1927 2017,1927 2106,1933 2196,1933 2285,1933 2375,1933 2465,1933 2554,1939 2644,1933 2733,1933 2823,1933 2912,1933 3002,1933 3091,1933 3181,1933 3270,1933 3360,1933 3449,1927 3539,1927 3628,1927 3718,1927 3807,1927 3897,1933 3987,1933 4076,1927 4166,1933 4255,1927 4345,1927 4434,1927 4524,1921 4613,1915 4703,1927 4792,1933 4882,1933 4971,1933 5061,1933 5150,1933 5240,1933 5330,1933 5419,1933 5509,1939 5598,1939 5688,1939 5777,1933 5867,1933 5956,1939 6046,1933 6135,1939 6225,1939 6314,1927"/>
                <TextEquiv>
                    <Unicode>und Gesanglehrer an der Königl. Studien=Anstalt in Kempten. Zweite Auflage. Erste Ver¬</Unicode>
                </TextEquiv>
            </TextLine>
            <TextLine id="tr_1_tl_6" custom="readingOrder {index:5;}">
                <Coords points="478,2126 5006,2186 5574,2164 5820,1955 478,1977"/>
                <Baseline points="519,2083 555,2089 644,2089 734,2083 823,2083 913,2083 1002,2089 1092,2083 1181,2077 1271,2083 1360,2083 1450,2077 1539,2077 1629,2077 1718,2083 1808,2077 1898,2083 1987,2083 2077,2089 2166,2089 2256,2083 2345,2083 2435,2089 2524,2089 2614,2089 2703,2083 2793,2083 2882,2083 2972,2083 3061,2089 3151,2089 3240,2083 3330,2083 3420,2083 3509,2083 3599,2083 3688,2083 3778,2083 3867,2089 3957,2083 4046,2089 4136,2083 4225,2083 4315,2089 4404,2089 4494,2083 4583,2083 4673,2083 4762,2089 4852,2089 4942,2089 5031,2077 5121,2077 5210,2077 5300,2083 5389,2083 5479,2083 5568,2083 5658,2083 5747,2089 5837,2077"/>
                <TextEquiv>
                    <Unicode>einsgabe (pro 1868) des allgemeinen deutschen Cäcilien=Vereins. 90 S. kl. 8°</Unicode>
                </TextEquiv>
            </TextLine>
            <TextLine id="tr_1_tl_7" custom="readingOrder {index:6;}">
                <Coords points="5096,2276 5417,2283 5715,2231 5812,2276 5947,2253 6088,2328 6245,2268 6238,2007 6103,2007 5991,2104 5648,2112 5581,2164 5439,2082 5312,2119 5178,2074 5096,2126"/>
                <Baseline points="5139,2220 5228,2226 5318,2232 5407,2232 5497,2232 5586,2226 5676,2220 5765,2226 5855,2232 5944,2238 6034,2244 6123,2238 6213,2244 6261,2244"/>
                <TextEquiv>
                    <Unicode>30 kr. — 9 Sgr.</Unicode>
                </TextEquiv>
            </TextLine>
            <TextLine id="tr_1_tl_8" custom="readingOrder {index:7;}">
                <Coords points="507,2425 6320,2425 6275,2238 507,2231"/>
                <Baseline points="549,2411 602,2405 692,2399 781,2399 871,2399 960,2393 1050,2399 1140,2399 1229,2399 1319,2393 1408,2393 1498,2393 1587,2393 1677,2399 1766,2393 1856,2399 1945,2399 2035,2393 2124,2393 2214,2393 2303,2399 2393,2399 2482,2399 2572,2399 2662,2399 2751,2399 2841,2393 2930,2399 3020,2399 3109,2399 3199,2393 3288,2393 3378,2393 3467,2393 3557,2393 3646,2393 3736,2393 3825,2393 3915,2393 4004,2393 4094,2393 4184,2393 4273,2393 4363,2393 4452,2393 4542,2393 4631,2393 4721,2393 4810,2399 4900,2399 4989,2393 5079,2399 5168,2399 5258,2405 5347,2399 5437,2399 5526,2399 5616,2399 5706,2399 5795,2399 5885,2405 5974,2405 6064,2405 6153,2405 6243,2399 6332,2399"/>
                <TextEquiv>
                    <Unicode>„Verfasser bietet in vorstehender Abhandlung einmal allen Verehrern der Kirchenmusik, denen Zeit und Gelegenheit</Unicode>
                </TextEquiv>
            </TextLine>
            <TextLine id="tr_1_tl_9" custom="readingOrder {index:8;}">
                <Coords points="336,2552 6320,2552 6320,2425 336,2373"/>
                <Baseline points="376,2524 465,2524 555,2524 644,2518 734,2518 823,2518 913,2518 1002,2518 1092,2518 1181,2518 1271,2512 1360,2518 1450,2518 1539,2518 1629,2518 1718,2518 1808,2518 1898,2524 1987,2524 2077,2518 2166,2518 2256,2518 2345,2518 2435,2518 2524,2524 2614,2518 2703,2518 2793,2518 2882,2524 2972,2518 3061,2518 3151,2518 3240,2518 3330,2518 3420,2518 3509,2512 3599,2512 3688,2518 3778,2518 3867,2512 3957,2518 4046,2518 4136,2518 4225,2518 4315,2518 4404,2518 4494,2518 4583,2518 4673,2518 4762,2518 4852,2518 4942,2518 5031,2518 5121,2518 5210,2518 5300,2518 5389,2518 5479,2518 5568,2518 5658,2524 5747,2524 5837,2524 5926,2524 6016,2524 6105,2524 6195,2530 6284,2524 6338,2530"/>
                <TextEquiv>
                    <Unicode>mangelt, mit den sehr umfangreichen und zunächst für die Theorie des Orgelbaues berechneten Werken sich vertraut zu</Unicode>
                </TextEquiv>
            </TextLine>
            <TextLine id="tr_1_tl_10" custom="readingOrder {index:9;}">
                <Coords points="321,2686 5327,2708 6305,2544 321,2559"/>
                <Baseline points="364,2644 453,2644 543,2644 632,2644 722,2644 811,2644 901,2638 990,2638 1080,2638 1169,2638 1259,2638 1348,2638 1438,2638 1527,2638 1617,2638 1707,2638 1796,2638 1886,2638 1975,2638 2065,2644 2154,2638 2244,2644 2333,2644 2423,2638 2512,2638 2602,2638 2691,2638 2781,2638 2870,2638 2960,2638 3049,2632 3139,2632 3229,2632 3318,2632 3408,2638 3497,2638 3587,2638 3676,2638 3766,2632 3855,2638 3945,2638 4034,2638 4124,2638 4213,2638 4303,2638 4392,2638 4482,2638 4571,2644 4661,2638 4751,2638 4840,2638 4930,2638 5019,2644 5109,2638 5198,2638 5288,2644 5377,2638 5467,2638 5556,2638 5646,2638 5735,2638 5825,2644 5914,2650 6004,2644 6093,2644 6183,2644 6273,2644 6320,2644"/>
                <TextEquiv>
                    <Unicode>machen, in kleinen Umrissen das praktisch Wissenswerthe dieser Materie, und deutet andererseits das der Würde</Unicode>
                </TextEquiv>
            </TextLine>
            <TextLine id="tr_1_tl_11" custom="readingOrder {index:10;}">
                <Coords points="328,2776 6290,2791 5962,2649 328,2679"/>
                <Baseline points="370,2763 399,2763 489,2763 578,2763 668,2757 758,2757 847,2763 937,2763 1026,2757 1116,2763 1205,2757 1295,2757 1384,2757 1474,2757 1563,2757 1653,2757 1742,2757 1832,2757 1921,2757 2011,2757 2100,2757 2190,2757 2280,2757 2369,2757 2459,2757 2548,2763 2638,2763 2727,2757 2817,2763 2906,2757 2996,2757 3085,2763 3175,2763 3264,2763 3354,2757 3443,2763 3533,2757 3622,2757 3712,2757 3802,2757 3891,2757 3981,2757 4070,2757 4160,2757 4249,2757 4339,2757 4428,2763 4518,2757 4607,2763 4697,2763 4786,2763 4876,2763 4965,2763 5055,2769 5144,2763 5234,2757 5324,2757 5413,2763 5503,2763 5592,2763 5682,2763 5771,2763 5861,2763 5950,2763 6040,2763 6129,2763 6219,2757 6308,2751"/>
                <TextEquiv>
                    <Unicode>und Feier des katholischen Gottesdienstes entsprechende Orgelspiel in seinen Grundzügen an. Um unseren Lesern ein¬</Unicode>
                </TextEquiv>
            </TextLine>
            <TextLine id="tr_1_tl_12" custom="readingOrder {index:11;}">
                <Coords points="343,2940 6305,2917 6111,2768 343,2783"/>
                <Baseline points="387,2876 477,2888 567,2882 656,2888 746,2888 835,2882 925,2882 1014,2882 1104,2882 1193,2882 1283,2882 1372,2882 1462,2882 1551,2882 1641,2882 1730,2876 1820,2876 1909,2882 1999,2876 2089,2876 2178,2876 2268,2882 2357,2882 2447,2882 2536,2882 2626,2882 2715,2882 2805,2882 2894,2876 2984,2882 3073,2876 3163,2876 3252,2876 3342,2876 3431,2882 3521,2882 3611,2876 3700,2876 3790,2876 3879,2876 3969,2876 4058,2876 4148,2882 4237,2882 4327,2882 4416,2882 4506,2882 4595,2882 4685,2876 4774,2882 4864,2882 4953,2882 5043,2882 5133,2882 5222,2882 5312,2882 5401,2882 5491,2888 5580,2882 5670,2882 5759,2888 5849,2888 5938,2882 6028,2882 6117,2888 6207,2882 6296,2882 6320,2876"/>
                <TextEquiv>
                    <Unicode>sichtig zu machen, was das Schrifichen bietet, heben wir dessen Inhalis=Verzeichniß hierhin. A. Die Orgel als Kirchen¬</Unicode>
                </TextEquiv>
            </TextLine>
            <TextLine id="tr_1_tl_13" custom="readingOrder {index:12;}">
                <Coords points="321,3014 6305,3052 5887,2895 321,2925"/>
                <Baseline points="364,3008 453,3008 543,3008 632,3008 722,3002 811,3002 901,3008 990,3002 1080,3002 1169,3002 1259,3002 1348,3002 1438,3002 1527,3002 1617,2996 1707,2996 1796,3002 1886,2996 1975,3002 2065,3002 2154,3002 2244,3002 2333,3002 2423,3002 2512,3002 2602,3002 2691,3002 2781,3002 2870,2996 2960,2990 3049,2990 3139,2978 3229,2984 3318,2996 3408,2996 3497,3002 3587,3002 3676,3002 3766,2996 3855,2996 3945,3002 4034,3002 4124,2996 4213,3002 4303,3008 4392,3002 4482,3002 4571,3002 4661,3002 4751,3002 4840,3002 4930,3002 5019,3002 5109,3002 5198,3002 5288,3002 5377,3002 5467,3002 5556,3002 5646,3008 5735,3008 5825,3008 5914,3008 6004,3008 6093,3008 6183,3008 6273,3008 6326,3008"/>
                <TextEquiv>
                    <Unicode>instrument. B. Das katholische Orgelspiel überhaupt — Orgelbegleitung des gregarianischen Chorals; Orgelbegletung</Unicode>
                </TextEquiv>
            </TextLine>
            <TextLine id="tr_1_tl_14" custom="readingOrder {index:13;}">
                <Coords points="328,3156 6327,3156 5536,3007 328,3022"/>
                <Baseline points="370,3127 459,3127 549,3127 638,3127 728,3127 817,3121 907,3121 996,3121 1086,3121 1175,3121 1265,3121 1354,3121 1444,3121 1533,3121 1623,3127 1713,3121 1802,3127 1892,3121 1981,3121 2071,3121 2160,3127 2250,3127 2339,3127 2429,3127 2518,3121 2608,3121 2697,3121 2787,3121 2876,3121 2966,3115 3055,3121 3145,3121 3235,3121 3324,3121 3414,3121 3503,3121 3593,3121 3682,3121 3772,3121 3861,3121 3951,3115 4040,3121 4130,3121 4219,3121 4309,3121 4398,3121 4488,3121 4577,3127 4667,3121 4757,3121 4846,3121 4936,3121 5025,3121 5115,3121 5204,3121 5294,3121 5383,3127 5473,3127 5562,3127 5652,3127 5741,3127 5831,3127 5920,3127 6010,3133 6099,3133 6189,3127 6279,3133 6338,3127"/>
                <TextEquiv>
                    <Unicode>des deutschen Volksgesauges; Orgelbegleitung der Figuralmusik und des Figuralgesanges; nöthige Bemerkungen zum</Unicode>
                </TextEquiv>
            </TextLine>
            <TextLine id="tr_1_tl_15" custom="readingOrder {index:14;}">
                <Coords points="328,3253 6312,3283 6312,3156 5394,3126 328,3156"/>
                <Baseline points="370,3246 423,3252 513,3252 602,3246 692,3252 781,3246 871,3252 960,3246 1050,3246 1140,3240 1229,3240 1319,3240 1408,3246 1498,3246 1587,3246 1677,3246 1766,3246 1856,3246 1945,3246 2035,3246 2124,3240 2214,3246 2303,3246 2393,3246 2482,3246 2572,3252 2662,3246 2751,3246 2841,3246 2930,3246 3020,3246 3109,3246 3199,3240 3288,3246 3378,3246 3467,3240 3557,3240 3646,3240 3736,3240 3825,3235 3915,3235 4004,3240 4094,3246 4184,3246 4273,3246 4363,3246 4452,3246 4542,3246 4631,3246 4721,3246 4810,3240 4900,3240 4989,3246 5079,3246 5168,3246 5258,3246 5347,3246 5437,3246 5526,3246 5616,3246 5706,3246 5795,3246 5885,3246 5974,3246 6064,3246 6153,3246 6243,3240 6332,3240"/>
                <TextEquiv>
                    <Unicode>Orgelspiel beim heil. Meßöpfer. C. Ueber Registrirung der Orgel — Zusammenstellung von Orgelstimmen zum ver¬</Unicode>
                </TextEquiv>
            </TextLine>
            <TextLine id="tr_1_tl_16" custom="readingOrder {index:15;}">
                <Coords points="343,3395 6312,3395 6103,3253 343,3253"/>
                <Baseline points="387,3372 477,3372 567,3372 656,3372 746,3366 835,3366 925,3366 1014,3366 1104,3366 1193,3366 1283,3360 1372,3360 1462,3360 1551,3360 1641,3366 1730,3366 1820,3360 1909,3366 1999,3360 2089,3366 2178,3360 2268,3366 2357,3366 2447,3372 2536,3366 2626,3372 2715,3372 2805,3366 2894,3360 2984,3360 3073,3360 3163,3360 3252,3360 3342,3360 3431,3360 3521,3360 3611,3360 3700,3360 3790,3360 3879,3360 3969,3366 4058,3366 4148,3366 4237,3360 4327,3360 4416,3366 4506,3366 4595,3360 4685,3360 4774,3348 4864,3360 4953,3366 5043,3366 5133,3366 5222,3366 5312,3366 5401,3366 5491,3372 5580,3366 5670,3372 5759,3366 5849,3366 5938,3366 6028,3372 6117,3372 6207,3366 6296,3366 6332,3372"/>
                <TextEquiv>
                    <Unicode>schiedenartigsten Gebrauche; Mischungen zu Orgel=Trio's. D. Neubau einer Orgel — Die Hauptbestandtheile einer</Unicode>
                </TextEquiv>
            </TextLine>
            <TextLine id="tr_1_tl_17" custom="readingOrder {index:16;}">
                <Coords points="328,3514 6327,3499 328,3387"/>
                <Baseline points="370,3485 429,3491 519,3491 608,3491 698,3491 787,3491 877,3491 966,3485 1056,3485 1145,3485 1235,3485 1325,3485 1414,3485 1504,3479 1593,3485 1683,3485 1772,3485 1862,3485 1951,3485 2041,3485 2130,3485 2220,3485 2309,3485 2399,3485 2488,3485 2578,3485 2667,3485 2757,3485 2847,3485 2936,3485 3026,3479 3115,3485 3205,3485 3294,3485 3384,3485 3473,3485 3563,3485 3652,3485 3742,3485 3831,3485 3921,3485 4010,3485 4100,3485 4189,3479 4279,3485 4369,3485 4458,3485 4548,3485 4637,3485 4727,3485 4816,3485 4906,3485 4995,3485 5085,3485 5174,3491 5264,3491 5353,3485 5443,3485 5532,3485 5622,3491 5711,3491 5801,3497 5891,3497 5980,3491 6070,3485 6159,3485 6249,3485 6338,3473"/>
                <TextEquiv>
                    <Unicode>Orgel: 1. die Windbälge und Windkanäle, 2. Windkästen und Windladen, 3. das Pfeifenwerk (Labialpfeifne, Zungen¬</Unicode>
                </TextEquiv>
            </TextLine>
            <TextLine id="tr_1_tl_18" custom="readingOrder {index:17;}">
                <Coords points="336,3649 6335,3649 6335,3499 336,3514"/>
                <Baseline points="376,3616 465,3611 555,3605 644,3611 734,3605 823,3605 913,3611 1002,3605 1092,3611 1181,3605 1271,3605 1360,3605 1450,3605 1539,3605 1629,3605 1718,3605 1808,3599 1898,3605 1987,3605 2077,3605 2166,3605 2256,3611 2345,3605 2435,3605 2524,3611 2614,3605 2703,3605 2793,3611 2882,3611 2972,3605 3061,3605 3151,3605 3240,3605 3330,3605 3420,3611 3509,3611 3599,3611 3688,3611 3778,3611 3867,3605 3957,3605 4046,3605 4136,3605 4225,3605 4315,3605 4404,3605 4494,3605 4583,3611 4673,3611 4762,3611 4852,3611 4942,3611 5031,3611 5121,3611 5210,3611 5300,3611 5389,3611 5479,3611 5568,3611 5658,3611 5747,3611 5837,3611 5926,3616 6016,3616 6105,3616 6195,3616 6284,3616 6344,3616"/>
                <TextEquiv>
                    <Unicode>pfeifen), 4. die Register: a Grundstimmen, b. Nebenstimmen, c. gemischte Stimmen, 5. Die Mechanik. Registerzüge.</Unicode>
                </TextEquiv>
            </TextLine>
            <TextLine id="tr_1_tl_19" custom="readingOrder {index:18;}">
                <Coords points="328,3746 6312,3753 5693,3611 328,3641"/>
                <Baseline points="370,3730 423,3736 513,3736 602,3730 692,3730 781,3730 871,3730 960,3730 1050,3730 1140,3730 1229,3724 1319,3730 1408,3724 1498,3730 1587,3730 1677,3718 1766,3712 1856,3724 1945,3724 2035,3724 2124,3724 2214,3730 2303,3730 2393,3730 2482,3724 2572,3730 2662,3730 2751,3730 2841,3730 2930,3730 3020,3724 3109,3724 3199,3724 3288,3724 3378,3724 3467,3724 3557,3724 3646,3724 3736,3730 3825,3730 3915,3730 4004,3724 4094,3718 4184,3724 4273,3724 4363,3724 4452,3724 4542,3724 4631,3718 4721,3730 4810,3730 4900,3730 4989,3730 5079,3724 5168,3730 5258,3730 5347,3730 5437,3730 5526,3730 5616,3730 5706,3730 5795,3730 5885,3730 5974,3730 6064,3730 6153,3730 6243,3730 6332,3724"/>
                <TextEquiv>
                    <Unicode>Koppelzug. Tremulant. Sperrventil. Evakuant. Colletivzüge. Crescendo=Tritt. Pneumatische Hebel. Winkel=Con¬</Unicode>
                </TextEquiv>
            </TextLine>
            <TextLine id="tr_1_tl_20" custom="readingOrder {index:19;}">
                <Coords points="343,3872 6312,3887 6312,3753 5618,3723 343,3753"/>
                <Baseline points="387,3855 423,3855 513,3855 602,3849 692,3849 781,3849 871,3849 960,3843 1050,3849 1140,3843 1229,3843 1319,3843 1408,3843 1498,3849 1587,3843 1677,3849 1766,3843 1856,3849 1945,3849 2035,3843 2124,3843 2214,3843 2303,3849 2393,3849 2482,3855 2572,3849 2662,3849 2751,3849 2841,3849 2930,3849 3020,3843 3109,3849 3199,3849 3288,3849 3378,3849 3467,3849 3557,3849 3646,3849 3736,3849 3825,3849 3915,3849 4004,3849 4094,3849 4184,3849 4273,3849 4363,3849 4452,3855 4542,3849 4631,3849 4721,3849 4810,3849 4900,3849 4989,3849 5079,3849 5168,3849 5258,3849 5347,3849 5437,3849 5526,3849 5616,3849 5706,3849 5795,3849 5885,3849 5974,3849 6064,3849 6153,3849 6243,3849 6332,3837"/>
                <TextEquiv>
                    <Unicode>struktion. 6. Was bei jeder Disposition genau angegeben sein muß. 7. Die Intonation und Stimmung. Gleich¬</Unicode>
                </TextEquiv>
            </TextLine>
            <TextLine id="tr_1_tl_21" custom="readingOrder {index:20;}">
                <Coords points="343,3999 6305,3992 5894,3850 343,3872"/>
                <Baseline points="387,3975 477,3969 567,3975 656,3975 746,3975 835,3969 925,3969 1014,3969 1104,3969 1193,3969 1283,3969 1372,3969 1462,3969 1551,3969 1641,3969 1730,3969 1820,3969 1909,3969 1999,3969 2089,3969 2178,3969 2268,3969 2357,3969 2447,3969 2536,3969 2626,3975 2715,3975 2805,3969 2894,3969 2984,3975 3073,3975 3163,3969 3252,3969 3342,3969 3431,3975 3521,3969 3611,3969 3700,3969 3790,3969 3879,3969 3969,3969 4058,3969 4148,3969 4237,3969 4327,3969 4416,3969 4506,3969 4595,3975 4685,3975 4774,3975 4864,3969 4953,3975 5043,3975 5133,3975 5222,3975 5312,3975 5401,3975 5491,3969 5580,3975 5670,3975 5759,3975 5849,3975 5938,3975 6028,3975 6117,3975 6207,3975 6296,3981 6326,3981"/>
                <TextEquiv>
                    <Unicode>schwebende Stimmung. 8. Mensur=Verhältniß. 9. Mehrere Zusammenstellungen zu Kirchenorgeln. E. Erhaltung der</Unicode>
                </TextEquiv>
            </TextLine>
            <TextLine id="tr_1_tl_22" custom="readingOrder {index:21;}">
                <Coords points="343,4141 4066,4201 6245,4119 6245,3992 343,3999"/>
                <Baseline points="381,4094 447,4100 537,4100 626,4100 716,4100 805,4094 895,4094 984,4094 1074,4094 1163,4094 1253,4088 1342,4094 1432,4094 1522,4100 1611,4094 1701,4100 1790,4094 1880,4094 1969,4094 2059,4100 2148,4100 2238,4100 2327,4100 2417,4094 2506,4094 2596,4100 2685,4100 2775,4094 2864,4100 2954,4100 3044,4100 3133,4100 3223,4094 3312,4100 3402,4100 3491,4094 3581,4100 3670,4094 3760,4100 3849,4094 3939,4094 4028,4100 4118,4100 4207,4100 4297,4100 4386,4094 4476,4094 4566,4100 4655,4094 4745,4094 4834,4088 4924,4094 5013,4094 5103,4094 5192,4094 5282,4094 5371,4094 5461,4094 5550,4094 5640,4094 5729,4094 5819,4094 5908,4094 5998,4094 6088,4094 6177,4094 6267,4088"/>
                <TextEquiv>
                    <Unicode>Orgel (Beseitigung kleiner Fehler). F. Etwas von größeren und kleineren Reparaturen. G. Die Prüfung der Orgel.“</Unicode>
                </TextEquiv>
            </TextLine>
            <TextLine id="tr_1_tl_23" custom="readingOrder {index:22;}">
                <Coords points="4865,4245 5103,4283 5275,4238 5514,4268 5588,4320 5753,4268 5894,4313 5991,4268 6044,4305 6170,4283 6170,4119 4865,4111"/>
                <Baseline points="4906,4213 4995,4219 5085,4219 5174,4219 5264,4219 5353,4225 5443,4225 5532,4225 5622,4219 5711,4219 5801,4219 5891,4219 5980,4219 6070,4225 6159,4225 6189,4219"/>
                <TextEquiv>
                    <Unicode>(Augsburger Postzeitung.)</Unicode>
                </TextEquiv>
            </TextLine>
        </TextRegion>
        <TextRegion id="tr_2" custom="readingOrder {index:1;}">
            <Coords points="376,4450 6350,4450 6350,7172 376,7172"/>
            <TextLine id="tr_2_tl_1" custom="readingOrder {index:0;}">
                <Coords points="657,4551 813,4536 903,4604 1268,4522 1559,4581 1649,4544 1888,4566 1888,4305 1783,4298 1604,4387 1485,4328 1418,4380 1350,4320 1164,4372 948,4298 791,4380 657,4357"/>
                <Baseline points="698,4518 746,4506 835,4506 925,4500 1014,4500 1104,4506 1193,4500 1283,4506 1372,4500 1462,4500 1551,4500 1641,4500 1730,4506 1820,4506 1909,4506"/>
                <TextEquiv>
                    <Unicode>Im zweiten Jahre:</Unicode>
                </TextEquiv>
            </TextLine>
            <TextLine id="tr_2_tl_2" custom="readingOrder {index:1;}">
                <Coords points="358,4813 6320,4798 6320,4574 6103,4536 358,4544"/>
                <Baseline points="399,4745 489,4745 578,4751 668,4751 758,4751 847,4751 937,4757 1026,4757 1116,4751 1205,4751 1295,4751 1384,4757 1474,4757 1563,4762 1653,4757 1742,4762 1832,4757 1921,4757 2011,4757 2100,4762 2190,4762 2280,4762 2369,4762 2459,4768 2548,4768 2638,4768 2727,4762 2817,4768 2906,4762 2996,4757 3085,4757 3175,4762 3264,4762 3354,4757 3443,4757 3533,4762 3622,4762 3712,4762 3802,4762 3891,4762 3981,4757 4070,4762 4160,4762 4249,4762 4339,4762 4428,4762 4518,4762 4607,4762 4697,4762 4786,4762 4876,4762 4965,4762 5055,4762 5144,4757 5234,4762 5324,4762 5413,4762 5503,4762 5592,4762 5682,4762 5771,4762 5861,4762 5950,4757 6040,4757 6129,4757 6219,4757 6308,4762 6338,4762"/>
                <TextEquiv>
                    <Unicode>Hasler, J. L., Missa „secunda“ ad quatuor Voces inaequales. Ex Codicibus</Unicode>
                </TextEquiv>
            </TextLine>
            <TextLine id="tr_2_tl_3" custom="readingOrder {index:2;}">
                <Coords points="522,4977 6282,4969 6193,4798 5805,4775 522,4813"/>
                <Baseline points="561,4930 650,4930 740,4936 829,4936 919,4936 1008,4936 1098,4930 1187,4936 1277,4936 1366,4930 1456,4936 1545,4936 1635,4936 1724,4942 1814,4936 1903,4936 1993,4936 2083,4930 2172,4936 2262,4936 2351,4936 2441,4936 2530,4936 2620,4936 2709,4942 2799,4936 2888,4936 2978,4936 3067,4936 3157,4942 3246,4942 3336,4942 3426,4948 3515,4948 3605,4948 3694,4948 3784,4942 3873,4942 3963,4936 4052,4942 4142,4942 4231,4942 4321,4942 4410,4948 4500,4948 4589,4942 4679,4942 4768,4942 4858,4942 4948,4936 5037,4936 5127,4936 5216,4936 5306,4936 5395,4942 5485,4942 5574,4942 5664,4942 5753,4942 5843,4942 5932,4936 6022,4936 6111,4936 6201,4936 6290,4930 6302,4936"/>
                <TextEquiv>
                    <Unicode>originalibus in Partitionem redegit Fr. X. Witt. (Zweite Vereinsgabe des Cäcilien¬</Unicode>
                </TextEquiv>
            </TextLine>
            <TextLine id="tr_2_tl_4" custom="readingOrder {index:3;}">
                <Coords points="537,5148 6327,5156 6238,4962 530,4947"/>
                <Baseline points="578,5109 668,5109 758,5109 847,5109 937,5115 1026,5115 1116,5115 1205,5115 1295,5109 1384,5109 1474,5115 1563,5115 1653,5115 1742,5115 1832,5115 1921,5115 2011,5121 2100,5121 2190,5121 2280,5121 2369,5121 2459,5121 2548,5121 2638,5121 2727,5121 2817,5121 2906,5121 2996,5121 3085,5121 3175,5121 3264,5121 3354,5121 3443,5121 3533,5121 3622,5127 3712,5115 3802,5115 3891,5109 3981,5121 4070,5121 4160,5121 4249,5127 4339,5121 4428,5127 4518,5127 4607,5127 4697,5127 4786,5121 4876,5121 4965,5121 5055,5121 5144,5121 5234,5121 5324,5127 5413,5121 5503,5127 5592,5121 5682,5127 5771,5127 5861,5121 5950,5121 6040,5127 6129,5127 6219,5121 6308,5127 6344,5127"/>
                <TextEquiv>
                    <Unicode>Vereins.) Partitur und Stimmen 33 kr. — 10 ngr. Stimmen apart 14 kr.)</Unicode>
                </TextEquiv>
            </TextLine>
            <TextLine id="tr_2_tl_5" custom="readingOrder {index:4;}">
                <Coords points="798,5380 836,5380 888,5327 940,5320 1037,5365 1074,5350 1171,5365 1216,5327 1276,5320 1276,5133 1216,5126 1149,5186 1037,5171 970,5193 903,5156 798,5178"/>
                <Baseline points="841,5282 931,5282 1020,5288 1110,5288 1199,5288 1289,5282 1295,5282"/>
                <TextEquiv>
                    <Unicode>4 ngr.</Unicode>
                </TextEquiv>
            </TextLine>
            <TextLine id="tr_2_tl_6" custom="readingOrder {index:5;}">
                <Coords points="582,5499 4924,5484 4924,5342 4663,5283 4499,5380 3223,5260 1970,5387 1619,5275 582,5312"/>
                <Baseline points="620,5467 638,5467 728,5461 817,5461 907,5467 996,5467 1086,5467 1175,5467 1265,5467 1354,5467 1444,5467 1533,5473 1623,5473 1713,5473 1802,5473 1892,5473 1981,5467 2071,5473 2160,5473 2250,5473 2339,5479 2429,5473 2518,5473 2608,5473 2697,5473 2787,5473 2876,5473 2966,5467 3055,5473 3145,5467 3235,5467 3324,5473 3414,5473 3503,5473 3593,5473 3682,5473 3772,5473 3861,5473 3951,5467 4040,5467 4130,5473 4219,5473 4309,5467 4398,5467 4488,5473 4577,5467 4667,5467 4757,5467 4846,5467 4940,5459"/>
                <TextEquiv>
                    <Unicode>Ueber die Missa II. von Hasler schreibt die „Musikalische Wochenschrift“</Unicode>
                </TextEquiv>
            </TextLine>
            <TextLine id="tr_2_tl_7" custom="readingOrder {index:6;}">
                <Coords points="634,5633 6312,5626 6312,5484 634,5491"/>
                <Baseline points="674,5598 692,5592 781,5586 871,5586 960,5586 1050,5586 1140,5586 1229,5592 1319,5592 1408,5592 1498,5592 1587,5592 1677,5592 1766,5592 1856,5586 1945,5592 2035,5592 2124,5592 2214,5592 2303,5592 2393,5592 2482,5592 2572,5586 2662,5586 2751,5586 2841,5592 2930,5592 3020,5592 3109,5592 3199,5592 3288,5592 3378,5592 3467,5592 3557,5592 3646,5592 3736,5592 3825,5592 3915,5592 4004,5592 4094,5592 4184,5592 4273,5592 4363,5592 4452,5592 4542,5592 4631,5592 4721,5592 4810,5586 4900,5586 4989,5586 5079,5592 5168,5586 5258,5586 5347,5586 5437,5586 5526,5592 5616,5592 5706,5592 5795,5592 5885,5592 5974,5592 6064,5592 6153,5592 6243,5592 6332,5586"/>
                <TextEquiv>
                    <Unicode>„Der allgemeine deutsche Cäcilienverein hat die im Originale als II bezeichnete Messe von Johann</Unicode>
                </TextEquiv>
            </TextLine>
            <TextLine id="tr_2_tl_8" custom="readingOrder {index:7;}">
                <Coords points="343,5738 6312,5738 6148,5611 343,5611"/>
                <Baseline points="381,5711 417,5711 507,5711 596,5711 686,5711 775,5711 865,5711 954,5711 1044,5711 1134,5711 1223,5711 1313,5711 1402,5711 1492,5706 1581,5706 1671,5706 1760,5706 1850,5711 1939,5706 2029,5706 2118,5711 2208,5711 2297,5711 2387,5711 2476,5711 2566,5717 2656,5711 2745,5711 2835,5711 2924,5711 3014,5717 3103,5717 3193,5711 3282,5711 3372,5711 3461,5711 3551,5711 3640,5711 3730,5717 3819,5711 3909,5717 3998,5711 4088,5711 4178,5711 4267,5711 4357,5711 4446,5711 4536,5711 4625,5711 4715,5711 4804,5711 4894,5711 4983,5711 5073,5717 5162,5711 5252,5711 5341,5711 5431,5711 5520,5711 5610,5711 5700,5711 5789,5711 5879,5711 5968,5717 6058,5717 6147,5711 6237,5711 6330,5710"/>
                <TextEquiv>
                    <Unicode>Leo Hasler als Vereinsgabe für 1869 durch Fr. Wilt ediren lassen. Der Componist konnte kaum von einem</Unicode>
                </TextEquiv>
            </TextLine>
            <TextLine id="tr_2_tl_9" custom="readingOrder {index:8;}">
                <Coords points="366,5865 6327,5879 5991,5715 366,5738"/>
                <Baseline points="405,5831 495,5825 584,5831 674,5831 763,5831 853,5831 943,5831 1032,5837 1122,5837 1211,5831 1301,5831 1390,5831 1480,5831 1569,5837 1659,5837 1748,5831 1838,5831 1927,5831 2017,5837 2106,5837 2196,5831 2285,5837 2375,5837 2465,5837 2554,5837 2644,5837 2733,5837 2823,5831 2912,5837 3002,5837 3091,5837 3181,5837 3270,5837 3360,5837 3449,5837 3539,5831 3628,5837 3718,5837 3807,5837 3897,5837 3987,5837 4076,5837 4166,5831 4255,5831 4345,5831 4434,5831 4524,5831 4613,5837 4703,5837 4792,5837 4882,5837 4971,5837 5061,5837 5150,5843 5240,5837 5330,5837 5419,5837 5509,5837 5598,5837 5688,5837 5777,5837 5867,5837 5956,5843 6046,5843 6135,5837 6225,5831 6314,5831 6344,5831"/>
                <TextEquiv>
                    <Unicode>Würdigeren den Dank erhalten. Mit Ausnahme einiger metronomischen Angaben wie z. B. im Gloria, bringen</Unicode>
                </TextEquiv>
            </TextLine>
            <TextLine id="tr_2_tl_10" custom="readingOrder {index:9;}">
                <Coords points="343,5969 6312,5984 5902,5850 343,5872"/>
                <Baseline points="381,5932 465,5950 555,5950 644,5944 734,5950 823,5956 913,5950 1002,5950 1092,5950 1181,5950 1271,5956 1360,5950 1450,5956 1539,5956 1629,5956 1718,5950 1808,5956 1898,5956 1987,5956 2077,5956 2166,5956 2256,5956 2345,5956 2435,5956 2524,5956 2614,5950 2703,5956 2793,5956 2882,5956 2972,5956 3061,5962 3151,5956 3240,5956 3330,5956 3420,5956 3509,5956 3599,5956 3688,5950 3778,5956 3867,5956 3957,5956 4046,5950 4136,5950 4225,5950 4315,5950 4404,5956 4494,5950 4583,5950 4673,5950 4762,5956 4852,5956 4942,5956 5031,5950 5121,5956 5210,5956 5300,5956 5389,5956 5479,5956 5568,5956 5658,5956 5747,5956 5837,5956 5926,5956 6016,5956 6105,5956 6195,5950 6284,5944 6332,5944"/>
                <TextEquiv>
                    <Unicode>wir der ganzen Herausgabe unser Einverständniss, ja stellenweise Bewunderung entgegen. Nur wer sich der¬</Unicode>
                </TextEquiv>
            </TextLine>
            <TextLine id="tr_2_tl_11" custom="readingOrder {index:10;}">
                <Coords points="343,6133 6327,6111 6096,5962 343,5954"/>
                <Baseline points="381,6076 435,6076 525,6076 614,6076 704,6076 793,6076 883,6076 972,6076 1062,6076 1151,6076 1241,6076 1331,6082 1420,6082 1510,6076 1599,6082 1689,6082 1778,6076 1868,6076 1957,6076 2047,6076 2136,6076 2226,6076 2315,6076 2405,6076 2494,6076 2584,6076 2673,6076 2763,6076 2853,6076 2942,6082 3032,6076 3121,6076 3211,6082 3300,6082 3390,6076 3479,6082 3569,6082 3658,6076 3748,6076 3837,6076 3927,6076 4016,6076 4106,6076 4195,6076 4285,6076 4375,6076 4464,6076 4554,6082 4643,6076 4733,6076 4822,6082 4912,6076 5001,6076 5091,6076 5180,6076 5270,6076 5359,6076 5449,6076 5538,6076 5628,6076 5717,6076 5807,6076 5897,6076 5986,6076 6076,6076 6165,6076 6255,6076 6344,6070"/>
                <TextEquiv>
                    <Unicode>lei Arbeiten unterzogen, kann die Schwierigkeiten taxiren, welche es verursacht, derartige Sachen aus den</Unicode>
                </TextEquiv>
            </TextLine>
            <TextLine id="tr_2_tl_12" custom="readingOrder {index:11;}">
                <Coords points="343,6215 5976,6297 6342,6103 343,6133"/>
                <Baseline points="387,6201 477,6189 567,6195 656,6195 746,6189 835,6195 925,6201 1014,6195 1104,6195 1193,6195 1283,6195 1372,6195 1462,6189 1551,6195 1641,6195 1730,6195 1820,6195 1909,6195 1999,6201 2089,6195 2178,6195 2268,6195 2357,6189 2447,6201 2536,6201 2626,6195 2715,6201 2805,6201 2894,6201 2984,6201 3073,6201 3163,6201 3252,6201 3342,6201 3431,6201 3521,6201 3611,6201 3700,6195 3790,6195 3879,6195 3969,6195 4058,6195 4148,6195 4237,6195 4327,6195 4416,6201 4506,6195 4595,6201 4685,6201 4774,6201 4864,6201 4953,6201 5043,6201 5133,6201 5222,6201 5312,6201 5401,6201 5491,6201 5580,6201 5670,6201 5759,6207 5849,6201 5938,6201 6028,6201 6117,6201 6207,6195 6296,6195 6350,6201"/>
                <TextEquiv>
                    <Unicode>sogar der Taktstriche baaren Manuscripten des 16. Jahrhunderts in eine den an Sangbarkeit etc. gestellten</Unicode>
                </TextEquiv>
            </TextLine>
            <TextLine id="tr_2_tl_13" custom="readingOrder {index:12;}">
                <Coords points="343,6409 4813,6357 4813,6223 4148,6200 343,6215"/>
                <Baseline points="381,6332 435,6320 525,6320 614,6314 704,6314 793,6320 883,6320 972,6314 1062,6314 1151,6314 1241,6314 1331,6314 1420,6314 1510,6314 1599,6314 1689,6314 1778,6314 1868,6314 1957,6314 2047,6314 2136,6314 2226,6314 2315,6314 2405,6320 2494,6320 2584,6326 2673,6320 2763,6320 2853,6320 2942,6320 3032,6320 3121,6314 3211,6314 3300,6320 3390,6320 3479,6320 3569,6320 3658,6320 3748,6320 3837,6320 3927,6326 4016,6320 4106,6320 4195,6320 4285,6320 4375,6314 4464,6314 4554,6314 4643,6314 4733,6308 4822,6308"/>
                <TextEquiv>
                    <Unicode>grossen Ansprüchen unserer verwöhnten Zeit genügende Partitur zu transponiren.</Unicode>
                </TextEquiv>
            </TextLine>
            <TextLine id="tr_2_tl_14" custom="readingOrder {index:13;}">
                <Coords points="657,6641 6320,6641 6320,6447 5514,6409 3805,6536 657,6409"/>
                <Baseline points="698,6613 781,6607 871,6607 960,6613 1050,6613 1140,6613 1229,6613 1319,6607 1408,6613 1498,6619 1587,6613 1677,6613 1766,6613 1856,6607 1945,6607 2035,6613 2124,6613 2214,6613 2303,6613 2393,6613 2482,6619 2572,6613 2662,6613 2751,6613 2841,6613 2930,6613 3020,6619 3109,6619 3199,6613 3288,6619 3378,6613 3467,6613 3557,6613 3646,6613 3736,6619 3825,6619 3915,6619 4004,6619 4094,6619 4184,6619 4273,6619 4363,6613 4452,6613 4542,6613 4631,6613 4721,6613 4810,6613 4900,6619 4989,6613 5079,6613 5168,6613 5258,6613 5347,6613 5437,6613 5526,6613 5616,6613 5706,6607 5795,6613 5885,6613 5974,6613 6064,6619 6153,6613 6243,6613 6332,6607"/>
                <TextEquiv>
                    <Unicode>Den Mitgliedern des allgemeinen deutschen Cäcilien=Vereins wurden, soweit sie</Unicode>
                </TextEquiv>
            </TextLine>
            <TextLine id="tr_2_tl_15" custom="readingOrder {index:14;}">
                <Coords points="336,6775 6305,6827 6305,6641 336,6618"/>
                <Baseline points="376,6762 465,6768 555,6762 644,6762 734,6762 823,6762 913,6762 1002,6762 1092,6762 1181,6762 1271,6762 1360,6762 1450,6756 1539,6756 1629,6762 1718,6762 1808,6762 1898,6762 1987,6762 2077,6762 2166,6762 2256,6762 2345,6768 2435,6768 2524,6768 2614,6762 2703,6762 2793,6768 2882,6768 2972,6768 3061,6768 3151,6768 3240,6768 3330,6768 3420,6768 3509,6768 3599,6768 3688,6768 3778,6768 3867,6768 3957,6780 4046,6774 4136,6774 4225,6774 4315,6774 4404,6774 4494,6774 4583,6768 4673,6768 4762,6774 4852,6774 4942,6768 5031,6774 5121,6774 5210,6774 5300,6774 5389,6774 5479,6774 5568,6774 5658,6768 5747,6768 5837,6768 5926,6774 6016,6774 6105,6774 6195,6774 6284,6774 6326,6774"/>
                <TextEquiv>
                    <Unicode>Abonnenten der Fliegenden Blätter für Kirchenmusik sind, folgende Offerte gemacht, die auch</Unicode>
                </TextEquiv>
            </TextLine>
            <TextLine id="tr_2_tl_16" custom="readingOrder {index:15;}">
                <Coords points="343,6976 560,7006 679,6954 791,7006 985,6924 1597,7028 1783,6932 1843,6984 1992,6969 1992,6820 1880,6790 1567,6782 1500,6835 1395,6790 1067,6782 977,6835 910,6790 343,6790"/>
                <Baseline points="387,6917 477,6923 567,6917 656,6917 746,6917 835,6917 925,6911 1014,6911 1104,6911 1193,6917 1283,6917 1372,6917 1462,6911 1551,6905 1641,6911 1730,6911 1820,6917 1909,6911 1999,6911 2011,6917"/>
                <TextEquiv>
                    <Unicode>jetzt noch Geltung haben:</Unicode>
                </TextEquiv>
            </TextLine>
            <TextLine id="tr_2_tl_17" custom="readingOrder {index:16;}">
                <Coords points="351,7193 6327,7185 6327,6984 351,6999"/>
                <Baseline points="393,7126 483,7132 572,7132 662,7138 752,7150 841,7150 931,7150 1020,7150 1110,7150 1199,7144 1289,7144 1378,7144 1468,7144 1557,7144 1647,7144 1736,7150 1826,7144 1915,7144 2005,7150 2094,7150 2184,7150 2274,7150 2363,7144 2453,7150 2542,7156 2632,7150 2721,7150 2811,7150 2900,7150 2990,7150 3079,7144 3169,7150 3258,7144 3348,7144 3437,7150 3527,7150 3616,7150 3706,7156 3796,7150 3885,7156 3975,7156 4064,7156 4154,7156 4243,7156 4333,7156 4422,7156 4512,7156 4601,7156 4691,7156 4780,7156 4870,7156 4959,7156 5049,7156 5139,7162 5228,7156 5318,7156 5407,7156 5497,7156 5586,7156 5676,7156 5765,7156 5855,7156 5944,7156 6034,7156 6123,7156 6213,7156 6302,7156 6344,7150"/>
                <TextEquiv>
                    <Unicode>1) Dreihundert der schönsten geistlichen Lieder älterer Zeit in ihren originalen Sangweisen</Unicode>
                </TextEquiv>
            </TextLine>
        </TextRegion>
        <TextRegion id="tr_3" custom="readingOrder {index:2;}">
            <Coords points="387,7255 6344,7255 6344,9703 387,9703"/>
            <TextLine id="tr_3_tl_1" custom="readingOrder {index:0;}">
                <Coords points="649,7342 6044,7379 6312,7349 6312,7185 649,7215"/>
                <Baseline points="692,7311 781,7305 871,7311 960,7311 1050,7305 1140,7305 1229,7305 1319,7305 1408,7305 1498,7305 1587,7305 1677,7305 1766,7311 1856,7305 1945,7305 2035,7305 2124,7305 2214,7305 2303,7305 2393,7305 2482,7311 2572,7311 2662,7305 2751,7311 2841,7311 2930,7311 3020,7311 3109,7311 3199,7311 3288,7311 3378,7311 3467,7305 3557,7305 3646,7305 3736,7305 3825,7305 3915,7305 4004,7305 4094,7305 4184,7305 4273,7305 4363,7305 4452,7305 4542,7305 4631,7305 4721,7305 4810,7305 4900,7305 4989,7305 5079,7311 5168,7311 5258,7311 5347,7311 5437,7311 5526,7305 5616,7305 5706,7305 5795,7305 5885,7311 5974,7311 6064,7311 6153,7311 6243,7311 6332,7311"/>
                <TextEquiv>
                    <Unicode>und großentheils auch ihren alten Texten. Zunächst für eine Singstimme und Pianoforte,</Unicode>
                </TextEquiv>
            </TextLine>
            <TextLine id="tr_3_tl_2" custom="readingOrder {index:1;}">
                <Coords points="649,7521 6312,7491 6223,7327 649,7349"/>
                <Baseline points="692,7436 781,7454 871,7460 960,7460 1050,7460 1140,7454 1229,7454 1319,7454 1408,7454 1498,7454 1587,7454 1677,7454 1766,7460 1856,7454 1945,7460 2035,7454 2124,7454 2214,7460 2303,7454 2393,7454 2482,7466 2572,7460 2662,7460 2751,7460 2841,7460 2930,7460 3020,7454 3109,7460 3199,7454 3288,7460 3378,7454 3467,7454 3557,7454 3646,7454 3736,7454 3825,7454 3915,7454 4004,7460 4094,7460 4184,7460 4273,7460 4363,7460 4452,7460 4542,7454 4631,7454 4721,7460 4810,7454 4900,7454 4989,7454 5079,7460 5168,7460 5258,7460 5347,7460 5437,7460 5526,7460 5616,7460 5706,7454 5795,7454 5885,7454 5974,7460 6064,7460 6153,7460 6243,7460 6326,7460"/>
                <TextEquiv>
                    <Unicode>jedoch also eingerichtet, daß die choralmässigen Lieder auch von der Kirchengemeinde mit</Unicode>
                </TextEquiv>
            </TextLine>
            <TextLine id="tr_3_tl_3" custom="readingOrder {index:2;}">
                <Coords points="634,7633 6312,7640 6096,7469 634,7506"/>
                <Baseline points="674,7604 692,7604 781,7610 871,7610 960,7610 1050,7610 1140,7604 1229,7610 1319,7610 1408,7610 1498,7604 1587,7604 1677,7610 1766,7610 1856,7604 1945,7610 2035,7610 2124,7604 2214,7604 2303,7604 2393,7604 2482,7604 2572,7610 2662,7610 2751,7610 2841,7610 2930,7610 3020,7615 3109,7615 3199,7610 3288,7610 3378,7610 3467,7610 3557,7610 3646,7610 3736,7610 3825,7610 3915,7610 4004,7610 4094,7610 4184,7610 4273,7610 4363,7610 4452,7610 4542,7610 4631,7604 4721,7604 4810,7610 4900,7610 4989,7610 5079,7610 5168,7604 5258,7610 5347,7610 5437,7604 5526,7604 5616,7610 5706,7610 5795,7610 5885,7610 5974,7610 6064,7610 6153,7610 6243,7610 6332,7592"/>
                <TextEquiv>
                    <Unicode>Orgelbegleitung oder vierstimmig gesungen werden können. Mit einem Vorworte des</Unicode>
                </TextEquiv>
            </TextLine>
            <TextLine id="tr_3_tl_4" custom="readingOrder {index:3;}">
                <Coords points="657,7782 6096,7827 6051,7618 657,7633"/>
                <Baseline points="698,7759 787,7759 877,7765 966,7765 1056,7765 1145,7765 1235,7765 1325,7765 1414,7765 1504,7765 1593,7765 1683,7759 1772,7759 1862,7765 1951,7765 2041,7765 2130,7765 2220,7765 2309,7765 2399,7765 2488,7765 2578,7765 2667,7765 2757,7765 2847,7771 2936,7771 3026,7765 3115,7765 3205,7765 3294,7765 3384,7765 3473,7759 3563,7765 3652,7759 3742,7759 3831,7765 3921,7759 4010,7765 4100,7765 4189,7759 4279,7753 4369,7753 4458,7747 4548,7753 4637,7759 4727,7759 4816,7759 4906,7765 4995,7765 5085,7771 5174,7765 5264,7765 5353,7765 5443,7765 5532,7765 5622,7765 5711,7765 5801,7765 5891,7765 5980,7765 6070,7765 6105,7765"/>
                <TextEquiv>
                    <Unicode>hochw. Herrn Franz Witt. Ladenpreis 1 fl. 45 kr. — 1 Thlr. für 1 fl., 12 krt.</Unicode>
                </TextEquiv>
            </TextLine>
            <TextLine id="tr_3_tl_5" custom="readingOrder {index:4;}">
                <Coords points="642,7931 791,7946 813,7969 880,7946 940,7969 992,7954 1045,7984 1082,7954 1179,7961 1179,7804 1089,7782 1052,7819 948,7804 880,7827 836,7782 731,7797 679,7760 642,7760"/>
                <Baseline points="680,7908 769,7914 859,7914 949,7908 1038,7914 1128,7914 1199,7920"/>
                <TextEquiv>
                    <Unicode>21 ngr.</Unicode>
                </TextEquiv>
            </TextLine>
            <TextLine id="tr_3_tl_6" custom="readingOrder {index:5;}">
                <Coords points="343,8185 5902,8185 6312,8163 6312,7939 343,7946"/>
                <Baseline points="387,8099 477,8099 567,8105 656,8111 746,8111 835,8117 925,8111 1014,8111 1104,8117 1193,8117 1283,8117 1372,8117 1462,8117 1551,8111 1641,8111 1730,8111 1820,8111 1909,8111 1999,8111 2089,8111 2178,8105 2268,8105 2357,8105 2447,8105 2536,8105 2626,8105 2715,8105 2805,8105 2894,8105 2984,8105 3073,8105 3163,8105 3252,8105 3342,8105 3431,8105 3521,8105 3611,8111 3700,8111 3790,8111 3879,8111 3969,8105 4058,8105 4148,8105 4237,8111 4327,8105 4416,8105 4506,8105 4595,8105 4685,8105 4774,8105 4864,8105 4953,8105 5043,8111 5133,8111 5222,8111 5312,8105 5401,8099 5491,8111 5580,8105 5670,8105 5759,8105 5849,8105 5938,8099 6028,8105 6117,8105 6207,8111 6296,8105 6332,8111"/>
                <TextEquiv>
                    <Unicode>2) Enchiridion chorale, sive Selectus locupletissimus cautionum liturgicarum juxta</Unicode>
                </TextEquiv>
            </TextLine>
            <TextLine id="tr_3_tl_7" custom="readingOrder {index:6;}">
                <Coords points="642,8342 6305,8312 6126,8133 642,8148"/>
                <Baseline points="680,8284 769,8284 859,8284 949,8284 1038,8290 1128,8290 1217,8290 1307,8290 1396,8284 1486,8284 1575,8284 1665,8290 1754,8290 1844,8290 1933,8284 2023,8290 2112,8290 2202,8290 2291,8290 2381,8284 2471,8278 2560,8278 2650,8284 2739,8290 2829,8290 2918,8290 3008,8290 3097,8290 3187,8290 3276,8290 3366,8290 3455,8284 3545,8290 3634,8290 3724,8290 3813,8284 3903,8290 3993,8290 4082,8290 4172,8290 4261,8290 4351,8284 4440,8290 4530,8290 4619,8290 4709,8290 4798,8290 4888,8290 4977,8290 5067,8290 5156,8290 5246,8290 5335,8290 5425,8284 5515,8290 5604,8290 5694,8290 5783,8290 5873,8284 5962,8284 6052,8290 6141,8290 6231,8290 6320,8290 6326,8290"/>
                <TextEquiv>
                    <Unicode>ritum S. Rom. Ecclesiae per totius anni circulum praescriptarum. Redegit ac</Unicode>
                </TextEquiv>
            </TextLine>
            <TextLine id="tr_3_tl_8" custom="readingOrder {index:7;}">
                <Coords points="627,8483 6312,8580 6230,8304 627,8334"/>
                <Baseline points="668,8469 758,8463 847,8463 937,8469 1026,8469 1116,8463 1205,8463 1295,8457 1384,8457 1474,8463 1563,8457 1653,8457 1742,8463 1832,8463 1921,8463 2011,8463 2100,8463 2190,8457 2280,8457 2369,8463 2459,8463 2548,8463 2638,8469 2727,8463 2817,8463 2906,8469 2996,8469 3085,8469 3175,8463 3264,8463 3354,8463 3443,8463 3533,8463 3622,8463 3712,8469 3802,8463 3891,8463 3981,8463 4070,8469 4160,8469 4249,8463 4339,8463 4428,8463 4518,8463 4607,8463 4697,8469 4786,8469 4876,8469 4965,8469 5055,8469 5144,8469 5234,8469 5324,8469 5413,8463 5503,8463 5592,8463 5682,8463 5771,8469 5861,8475 5950,8469 6040,8469 6129,8463 6219,8469 6308,8475 6332,8481"/>
                <TextEquiv>
                    <Unicode>comitante Organo edidit J. G. Mettenleiter. Cum approb. in 8°. geb.</Unicode>
                </TextEquiv>
            </TextLine>
            <TextLine id="tr_3_tl_9" custom="readingOrder {index:8;}">
                <Coords points="612,8663 5768,8745 5633,8469 4275,8595 612,8506"/>
                <Baseline points="650,8630 734,8642 823,8642 913,8648 1002,8648 1092,8642 1181,8642 1271,8642 1360,8642 1450,8648 1539,8648 1629,8636 1718,8630 1808,8642 1898,8648 1987,8642 2077,8642 2166,8642 2256,8642 2345,8648 2435,8648 2524,8648 2614,8648 2703,8648 2793,8642 2882,8648 2972,8648 3061,8654 3151,8648 3240,8648 3330,8654 3420,8648 3509,8648 3599,8648 3688,8648 3778,8648 3867,8648 3957,8648 4046,8648 4136,8648 4225,8648 4315,8636 4404,8630 4494,8636 4583,8642 4673,8648 4762,8648 4852,8648 4942,8648 5031,8648 5121,8648 5210,8648 5300,8642 5389,8642 5479,8642 5568,8642 5658,8642 5747,8642 5789,8648"/>
                <TextEquiv>
                    <Unicode>3 fl. 48 kr. — 2 Thlr. 6 ngr. für 2 fl. 42 kr., — 1 Thldr. 15 ngr.,</Unicode>
                </TextEquiv>
            </TextLine>
            <TextLine id="tr_3_tl_10" custom="readingOrder {index:9;}">
                <Coords points="575,8909 6275,8924 6267,8752 5491,8663 567,8677"/>
                <Baseline points="608,8863 698,8863 787,8863 877,8863 966,8863 1056,8863 1145,8863 1235,8863 1325,8863 1414,8863 1504,8863 1593,8863 1683,8863 1772,8869 1862,8869 1951,8869 2041,8869 2130,8875 2220,8875 2309,8875 2399,8875 2488,8875 2578,8875 2667,8869 2757,8869 2847,8869 2936,8869 3026,8869 3115,8869 3205,8869 3294,8875 3384,8875 3473,8875 3563,8875 3652,8875 3742,8875 3831,8869 3921,8875 4010,8875 4100,8875 4189,8875 4279,8875 4369,8875 4458,8869 4548,8875 4637,8875 4727,8875 4816,8875 4906,8869 4995,8869 5085,8863 5174,8863 5264,8863 5353,8863 5443,8863 5532,8869 5622,8869 5711,8875 5801,8869 5891,8869 5980,8875 6070,8875 6159,8875 6249,8881 6279,8875"/>
                <TextEquiv>
                    <Unicode>Das Orgelbuch, complet 11 fl. — 6 Thlr. 20ngr. für 7 fl. 20 kr. — 4 Thlr, 6 ngr.</Unicode>
                </TextEquiv>
            </TextLine>
            <TextLine id="tr_3_tl_11" custom="readingOrder {index:10;}">
                <Coords points="560,9118 6335,9103 6335,8939 5111,8879 560,8916"/>
                <Baseline points="602,9060 692,9066 781,9072 871,9072 960,9072 1050,9072 1140,9078 1229,9072 1319,9072 1408,9072 1498,9072 1587,9072 1677,9066 1766,9078 1856,9078 1945,9078 2035,9078 2124,9078 2214,9078 2303,9078 2393,9078 2482,9078 2572,9072 2662,9078 2751,9078 2841,9078 2930,9084 3020,9084 3109,9084 3199,9078 3288,9084 3378,9090 3467,9084 3557,9084 3646,9084 3736,9084 3825,9084 3915,9084 4004,9084 4094,9084 4184,9090 4273,9084 4363,9084 4452,9084 4542,9084 4631,9084 4721,9084 4810,9084 4900,9084 4989,9084 5079,9078 5168,9078 5258,9078 5347,9078 5437,9078 5526,9078 5616,9078 5706,9084 5795,9078 5885,9084 5974,9084 6064,9084 6153,9084 6243,9084 6332,9084 6344,9078"/>
                <TextEquiv>
                    <Unicode>Liederrosenkranz zu Ehren der seligsten Jungfrau Maria. Original=Compositionen</Unicode>
                </TextEquiv>
            </TextLine>
            <TextLine id="tr_3_tl_12" custom="readingOrder {index:11;}">
                <Coords points="679,9267 6312,9267 6267,9103 679,9103"/>
                <Baseline points="722,9227 811,9227 901,9227 990,9227 1080,9221 1169,9227 1259,9227 1348,9227 1438,9227 1527,9227 1617,9227 1707,9227 1796,9227 1886,9221 1975,9227 2065,9227 2154,9227 2244,9233 2333,9233 2423,9233 2512,9233 2602,9233 2691,9233 2781,9233 2870,9233 2960,9233 3049,9227 3139,9227 3229,9233 3318,9233 3408,9227 3497,9233 3587,9233 3676,9233 3766,9233 3855,9233 3945,9233 4034,9239 4124,9233 4213,9233 4303,9239 4392,9239 4482,9239 4571,9233 4661,9233 4751,9233 4840,9233 4930,9233 5019,9233 5109,9233 5198,9233 5288,9221 5377,9227 5467,9233 5556,9239 5646,9239 5735,9239 5825,9233 5914,9233 6004,9239 6093,9239 6183,9233 6273,9239 6332,9233"/>
                <TextEquiv>
                    <Unicode>für 3, 4 und 5 Männerstimmen. Gesammelt und herausgegeben von Fr. X. Haberl.</Unicode>
                </TextEquiv>
            </TextLine>
            <TextLine id="tr_3_tl_13" custom="readingOrder {index:12;}">
                <Coords points="657,9401 5581,9461 6320,9401 6320,9267 657,9274"/>
                <Baseline points="698,9370 781,9376 871,9376 960,9376 1050,9376 1140,9376 1229,9376 1319,9376 1408,9376 1498,9376 1587,9376 1677,9376 1766,9376 1856,9376 1945,9376 2035,9382 2124,9382 2214,9382 2303,9388 2393,9388 2482,9382 2572,9382 2662,9382 2751,9388 2841,9388 2930,9388 3020,9382 3109,9388 3199,9382 3288,9382 3378,9382 3467,9382 3557,9382 3646,9370 3736,9370 3825,9382 3915,9376 4004,9382 4094,9382 4184,9388 4273,9388 4363,9388 4452,9388 4542,9388 4631,9382 4721,9382 4810,9382 4900,9388 4989,9382 5079,9388 5168,9388 5258,9388 5347,9388 5437,9388 5526,9382 5616,9388 5706,9388 5795,9394 5885,9388 5974,9388 6064,9382 6153,9382 6243,9376 6332,9364"/>
                <TextEquiv>
                    <Unicode>Quer 4º. Partitur in 2 Heften 1 fl. 24 kr. — 24 ngr. Stimmen in 8 Heften carton¬</Unicode>
                </TextEquiv>
            </TextLine>
            <TextLine id="tr_3_tl_14" custom="readingOrder {index:13;}">
                <Coords points="642,9588 6320,9647 6320,9401 642,9386"/>
                <Baseline points="686,9525 775,9525 865,9525 954,9531 1044,9531 1134,9531 1223,9525 1313,9525 1402,9525 1492,9525 1581,9525 1671,9531 1760,9525 1850,9519 1939,9519 2029,9531 2118,9531 2208,9537 2297,9537 2387,9537 2476,9549 2566,9543 2656,9543 2745,9543 2835,9543 2924,9549 3014,9549 3103,9543 3193,9543 3282,9543 3372,9543 3461,9543 3551,9543 3640,9543 3730,9537 3819,9537 3909,9537 3998,9537 4088,9537 4178,9537 4267,9537 4357,9543 4446,9543 4536,9543 4625,9543 4715,9543 4804,9543 4894,9543 4983,9543 5073,9543 5162,9543 5252,9543 5341,9543 5431,9543 5520,9543 5610,9549 5700,9549 5789,9543 5879,9549 5968,9549 6058,9543 6147,9543 6237,9543 6326,9537 6338,9543"/>
                <TextEquiv>
                    <Unicode>nirt 1 fl. 52 kr. — 1 Thlr. 2 ngr. Partitur und Stimmen mitsammen für 2 fl. 12 kr.,</Unicode>
                </TextEquiv>
            </TextLine>
            <TextLine id="tr_3_tl_15" custom="readingOrder {index:14;}">
                <Coords points="672,9744 933,9804 1067,9737 1306,9804 1470,9729 1641,9797 1850,9744 2044,9789 2037,9558 1686,9588 1500,9528 1365,9595 1276,9528 1164,9580 955,9535 828,9610 664,9580"/>
                <Baseline points="704,9663 793,9657 883,9669 972,9669 1062,9675 1151,9681 1241,9681 1331,9687 1420,9687 1510,9693 1599,9693 1689,9687 1778,9687 1868,9687 1957,9687 2047,9693 2059,9687"/>
                <TextEquiv>
                    <Unicode>— 1 Thlr. 7½ ngr.</Unicode>
                </TextEquiv>
            </TextLine>
        </TextRegion>
    </Page>
</PcGts>
