6906 10611
2889 2476 4167 2824 Vorwort.
3202 2752 3790 3093 -
588 3194 6389 3478 Der Verfasser dieses Schriftchens wollte dasselbe drucken lassen, ohne auf den allgemeinen deutschen
806 3369 6244 3557 Cäcilien=Verein Rücksicht zu nehmen. Da das Manuscript mehreren Herren vorgelegt wurde,
581 3557 6382 3739 meinten diese, da der Vereins=Präsident sich in peinlicher Verlegenheit wegen derVereinsgabe pro 1870
574 3681 6389 3855 befand, weil die Preisschrift sich nicht erledigen ließ,*) selbe dürfte sich auch als Vereinsgabe eignen.
595 3826 6396 4015 Damit war der Verfasser zufrieden unter der einen Bedingung, daß an dem Schrifichen nicht ein
581 3986 6396 4218 Wort geändert werde. Man hatte nämlich einige Aenderungen verlangt. Somit ist für alle allen¬
632 4131 5750 4363 fallsigen Irrthümer, Schärfen rc. der Verfasser allein verantwortlich, nicht der Verein.
908 4276 6403 4523 Der Grund aber, weßhalb ich diese Forderung stellte, ist: Sollte ich irgendwie irren, so würden
603 4465 6403 4668 die Mitglieder des Vereins schon selbst das Wahre, Richtige herausschalen, somit den Inhalt sich
595 4646 6418 4821 zurechtlegen und modifiziren können. Damit tröstet sich der Verfasser; denn, wenn es je ein
624 4792 6425 5002 schwieriges Thema gibt, so ist es das „Dirigiren“. Man tastet um so mehr mit unsicherer Hand
632 4966 6432 5184 umher, als so viel wie keine Vorarbeiten vorhanden waren.34) Es ist also ganz erklärlich, wenn es
610 5082 5104 5271 der Broschüre an Klarheit, scharfer Umgränzung und Vollständigkeit gebricht.
929 5227 6418 5467 Es gebricht ihr an Klarheit, weil sich das Dirigiren, der Geist desselben nicht beschreiben läßt.
610 5401 6418 5583 Der Leser wird vielleicht am Ende fragen: Bezieht sich das Gesagte auf das mehr Aeußerliche? Wenn
639 5590 6425 5743 Musikstücke zergliedert werden, z. B. pag. 28, kann sich dann der Leser ein klares Bild machen, wie
617 5721 6440 5917 sie klingen, wie sie dirigirt, in welchem Tempo sie genommen werden sollen? Nein — denn das
610 5895 4632 6113 muß man hören — das kann man nicht vollständig klar beschreiben!
944 6033 6403 6258 Es gebricht der Broschüre an scharfer Umgränzung! Denn das Dirigiren ist keine Wissenschaft
610 6207 6447 6411 ist etwas Erfahrungsmässiges, Persönliches möchte ich sagen. Man kann nicht von einer Eigenschaft
617 6367 6425 6527 des Dirigenten reden, ohne die andern in's Auge zu fassen und hereinzuziehen, so daß immer
610 6527 6418 6708 derselbe Gedanke wiederkehrt. Manche Paragraphe berühren oberflächlich Fragen der Wissenschaft des
632 6672 6432 6839 Chorregenten, ohne daß diese (und die Studien, die ein Chorregent zu machen hat) eigentlich behan¬
610 6824 1350 7057 delt würden.
922 6941 6432 7187 Hauptsächlich aber gebricht es ihr an Vollständigkeit. Denn 1) beschreibt sie nur das Ideal
617 7166 6418 7362 eines Dirigenten. Sie nimmt also keine Rücksicht auf die schwachen Chöre,**) die gar keinen eigent¬
617 7325 6418 7529 lichen Dirigenten haben, d. h. wo der eigentliche Leiter des Chores zugleich die Orgel spielen und
617 7456 6432 7688 dazu singen muß. 2) Auch das Ideal ist nur unvollständig geschildert. Es gibt tausend andere
610 7601 2352 7855 Möglichkeiten in der Praxis.
748 7812 4407 8131 *) Vgl. Fl. Bl. für kath. K.=M. v. Fr. Witt, (V. Jahrgang pag. 61.
697 8022 6425 8240 *) Der Verfasser wurde zur Broschüre veranlaßt durch die Aufforderung bei Gelegenheit von Conferenzen eines
864 8226 6411 8378 Bezirks=Cäcilienvereins einen Vortrag über das Dirigiren zu halten. Er begann, hatte aber bald 20 Quart
886 8342 6432 8501 seiten geschrieben, ohne an's Ende gekommen zu sein. Es drängte sich mir der Schluß auf, das Thema eigne
886 8465 6396 8618 sich vorerst besser zu einer Broschüre. Während der Arbeit las er plötzlich eine Broschüre über das „Dirigiren“
864 8618 6432 8799 angekündigt. Diese meisterhafte Schrift, bei Kahnt in Leipzig erschienen, wie sie nur ein Richard Wagner schreiben
857 8712 6418 8864 kann, bot mir manchen Stoff, und ich habe sie als das Einzige, was ich benützen konnte, ausgiebig verwerthet.
871 8835 6432 8995 H. Berlioz's Schrift bietet fast nur Aeußerlichkeiten und war wenig zu gebrauchen. Diese wie alle anderen
871 8952 2330 9155 Citate find genau angemerkt.
617 9024 6432 9322 **) Besonders sind auch die Bemerkungen betreffs der Strapazen eines Chordirigenten eben nur auf die höchsten
886 9235 2519 9467 Aufgaben der Kunst zu beziehen.
5510 9315 5735 9590 1*
