6740 10604
444 553 677 815 IV
779 852 6303 1077 Man könnte vielleicht noch einige Mängel anführen, z. B. das Hereinziehen von weltlicher
480 975 6296 1223 Musik; allein bei der ganzen Broschüre handelt es sich mehr um die formelle Ausbildung der Diri¬
495 1201 6296 1376 genten; und ob sie durch diese oder jene Art von Musik gefördert wird, ist gleich; wer von weltlicher
502 1354 6289 1536 (incl. Theater=) Musik gar nichts versteht und hören will, kann auch K.=M. nur höchst einseitig
488 1492 6289 1681 beurtheilen. Vielleicht werden auch einige Anekdoten Anstoß erregen, die der Belebung des trockenen
488 1638 6303 1827 Themas wegen einverleibt wurden. Ferner kann man tadeln die Breite des Styles. Es kommt
488 1791 5430 2009 dieß von der Schwierigkeit der Sache und von der Eile, zu der ich gedrängt wurde.
786 1907 6282 2147 Man mag aber tadeln so viel man will, ich konnte mich der Ueberzeugung nicht entschlagen,
488 2118 6282 2300 daß jeder Leser gar Manches finden wird, das ihm aus dem Herzen gesprochen ist. Auch der Land¬
495 2286 6289 2482 chorregent, der nicht eigentlich dirigirt, braucht dieselben Eigenschaften, wie der Domcapellmeister, auch
480 2438 6296 2628 ihn trifft mutatis mutandis der weitaus größte Theil der Bemerkungen. Deßhalb möge sich jeder
466 2577 6282 2780 Leser das ihm Einleuchtende rc. nur nach seinen Verhältnissen zurechtlegen und nur aus Allem,
480 2737 6296 2933 auch aus dem vom Theater rc. Gesagten, die für ihn passende Nutzanwendung ziehen.
480 2890 6274 3050 Das Thema ist ja so ein eminent praktisches, daß es gut wäre, wenn in den „Fl. Bl. etc.“ eine
488 3064 6252 3246 eigene Rubrik angelegt würde, worin erfahrene Chorregenten ihre Ansichten über das „Dirigiren“
466 3181 6296 3385 niederlegen sollen, um eine ständige Fortsetzung und Vervollständigung dieses so wichtigen Themas zu
488 3341 6303 3523 erhalten. Es wäre das ein großer Gewinn für die Praxis. Möge ja jeder seine Erfahrungen in
459 3508 3203 3719 wenn auch noch so kurzen Notizen niederlegen!
786 3639 6296 3850 Der Verfasser dieses Schriftchens nennt seinen Namen nicht, weil das Dirigiren eine Sache
466 3800 6289 3996 persönlicher Erfahrung ist. Will man über das Dirigiren praktisch sprechen oder schreiben, so ist
459 3967 6274 4134 man durch die Natur der Sache gezwungen, fast nur von sich*) zu reden: „Ich habe dieses erlebt,
480 4105 6267 4280 gesehen, gehört rc." Ferner ist man unter den heutigen Verhältnissen gezwungen, von sich und an¬
473 4265 6303 4469 deren höchst unbescheiden zu sprechen, man zeigt immer die Fehler anderer und redet von sich, wie
459 4418 6296 4637 von einem der Wenigen, die die Sache allein vom Grund aus verstehen. Wenn der Schreiber dieser
459 4556 6282 4731 Zeilen nicht glaubte, er verstünde die Sache, so wäre ihm ja nicht eingefallen, darüber zu schreiben.
473 4724 6296 4957 Und daß er meint, die andern verstünden vom Dirigiren nichts oder wenig, wird leider im Verlaufe
459 4862 2431 5110 des Schriftchens allzu oft gesagt.
764 4964 6289 5292 Der Verfasser gesteht also zu, daß seine Tendenz und Darstellung wahrhaft unbescheiden, ja
451 5197 5525 5415 gehässig ist, und er kann die verehrlichen Leser nur damit trösten, daß er sie versichert:
772 5328 6296 5590 1) Wenn unsere Chorregenten vielfach nicht können und verstehen, was sie sollen, so haben sie
459 5452 6274 5728 es bisher gar nicht lernen können, weil wir Niemand hatten, der es lehrte, keine Schule hatten
444 5728 3115 5903 wo man sich hätte dafür ausbilden können.
742 5787 6289 6049 2) Alle Thatsachen sprechen dafür, daß man bisher den Chorregenten als solchen für das
451 6020 6231 6223 unnützeste Meubel der Welt angesehen. Hat ja Witt's „Musica sacra“ erst heuer (III. p. 44 ff.
459 6172 6296 6369 erzählt: Breslau's gestrenge Pfarrherren, eventuell einer davon habe den Küster (einem ehemaligen
459 6318 6289 6522 Unteroffizier) als ersten, den Organisten, der zugleich Chordirigent ist, für den zweiten Kirchenbeamten
444 6529 6274 6689 erklärt. Der Organist und Cantor beziehen zusammen von einer Messe mit Volksgesang 3½ Sgr.
437 6638 6289 6842 während der Bälgetreter 5 Sgr. allein bezieht. Nun mag wohl ein Organist und Cantor je 1⅜ Sgr.,
451 6769 6289 7009 werth sein, aber ein Chorregent ist gar nichts werth; ist schon der Organist weniger als der Balge¬
3916 6944 4105 7082 **
451 6937 3989 7148 treter, so ist der Chorregent noch weniger als ein — Balg.
735 7133 6296 7330 Der Verfasser dieser Zeilen gehört zu jenen social=demokratischen Ketzern, die da glauben, ein
451 7221 6267 7453 Chorregent brauche mehr Talent und Geist, als vielfach für einen geheimen Rath, eine Prälatu
444 7432 6296 7621 und ähnliche kostbare Dinge gefordert wird; da aber ein solcher Glauben bloß ein Hirngespinnst
451 7592 6282 7810 ist, so wird sich Niemand davon beunruhigen lassen — und somit verläuft die ganze Schrift sehr
597 7817 6267 8058 *) Deßhalb wurden, um diese Einseitigkeit wenigstens zu mildern, die Citate nicht gespart. Zunächst hatte der
684 8007 6282 8225 Verfasser einen „Meister des Dirigirens“ im Auge, der in Zukunft leider, wie ich vernehme, nicht mehr dirigiren
691 8130 5306 8298 wird, Hrn. Domk. Sch. Daher kommt es auch, daß ich zunächst immer Regensburg citire.
524 8232 6267 8422 *) Wie ein hochw. Ordinariat irgendwo in Oesterreich es versteht, die kath. Kirchenmusik zu fördern, darüber geben
691 8407 6267 8553 nachstehende Fakta Aufschluß. Die Sänger und Musiker erhielten von undecklichen Zeiten her am Feste Mariä
691 8531 6267 8669 Reinigung eine geweihte Kerze als einzige Entlohnung für ihre Dienste. Laut Kirchenrechnungs=Erledigung vom
691 8654 6252 8793 Jahre 1868 wurde diese Verschwendung strenge untersagt. — Der Schullehrer erhielt 2 fl. 52½ kr. zur An
713 8785 6282 8931 schaffung von Violinsaiten. Da aber um diesen Betrag unmöglich die erforderlichen Saiten angeschafft werden
691 8887 6252 9047 konnten, so erhöhte der Hr. Pfarrer denselben auf 3 fl. 15 kr.; in der Kirchenrechnungs=Erledigung wurde ihm
684 9018 6085 9164 aber bedeutet, daß dieses nicht mehr stattfinden dürfe, indem er im Wiederholungsfalle Ersatz leisten müßte.
691 9113 6252 9353 Für seine Chordienste bezieht der tüchtige Chorregent von der Kirche einen fixen Gehalt von 2 fl. 10 kr.
691 9259 4287 9513 sage zwei Gulden zehn Kreuzer ö. W. (Fl. Bl. f. kath. K.=M. p. 59.)
