6847 10618
549 878 6389 1160 harmlos. Es kümmert sich Niemand darum, mag sie Recht haben oder nicht, das sei ihr verdientes
564 1090 5636 1348 Schicksal. Und daß sie Unrecht hat, ist im Voraus durch eine solche Vorrede erwiesen.
870 1246 6349 1497 Ich weiß einen Dirigenten (der Verfasser ist es nicht, und man würde sehr irren, wurde man,
541 1442 6373 1638 so oft von einem guten Dirigenten die Rede ist, den Schreiber dieser Zeilen vermuthen, trotz des
541 1615 6373 1772 im Eingange vom „Dirigiren verstehen“ Gesagten), der durch seine geniale Kraft jene herrlichen Gebilde
533 1756 6342 1936 des 16. Jahrhunderts, welche so sehr der Kirche würdig sind, daß viele (und hiezu gehöre ich nicht
533 1913 6365 2140 und zwar nicht die Unverständigsten behaupten, sie seien allein der Kirche würdig, in einer Weise
549 2116 6357 2265 zu verlebendigen versteht, daß bei gewissen Stellen, bei jenen markerschütternden Accenten, jene herz¬
557 2234 6357 2391 ergreifenden Akkorden und Rhythmen, die den besseren Werken jener Zeit eigen sind, der Eine gestanden
541 2367 6342 2540 hat: mir wurde eiskalt, der Andere: mir trieb es den Schweiß aus den Poren, der Dritte: ich
564 2516 6357 2720 glaubte den Himmel offen zu sehen u. s. f. Es gibt unmusikalische Naturen, denen auch ein Genie
549 2689 6357 2869 von so stupender Kraft nicht imponirt, und die dafür höchstens ein mitleidiges Lächeln haben und
549 2830 6365 3026 ohne fassen zu können, was sie sprechen, sagen: Ein jeder Musikus hat einen Sparren, denn wozu
541 2971 6349 3183 sich und andere so plagen? Ich führe das an, um die sociale Stellung der Dirigenten zu charakteri¬
557 3136 6349 3339 siren; Veranlassung dazu bot mir die Stelle in Witt's Fl. Bl. 1870, p. 23. Ich glaube es der
533 3206 6820 3496 Wahrheit schuldig zu sein, wenn ich gegenüber einem solchen die sociale und religiöse Bedeutung der
533 3441 6820 3692 dings verkennenden Mißverhältnisse in Betreffs der socialen Stellung unserer Kapellmeister die aller=
557 3590 6349 3770 Musik bedeutungslose Erklärung abgebe: Gar mancher Kapellmeister könnte eventuell leicht seine Quali¬
564 3739 6373 3935 fikation zu einem Lehrstuhle der Philosophie oder Theologie nachweisen. Um diese Lehrfühle so zu
557 3912 6357 4115 versehen, wie sie vielfach besetzt sind, ohne daß ich im Mindesten den Kenntnissen und der Tüchtigkeit
533 4045 6349 4225 unserer Professoren nahe trete, von denen ich glaube, daß sie ihrer Stellung genügen, dazu reicht
549 4202 6381 4382 ein mittelmäßiges aber sorgfältig ausgebildetes Talent aus. Ganz anders ist es bei dem Ideal
549 4351 6342 4546 eines Kapellmeisters, es gehört dazu (wenigstens jetzt bei dem Mangel einer Schule) ein so außer¬
541 4515 6334 4695 ordentlicher Geistesorganismus (ich will mich gemässigt ausdrücken), wie es eben zu einer künstlerischen
557 4664 6349 4837 Thätigkeit ersten Ranges gehört. Stellt aber einen solchen Künstler zu einem handwerkstüchtigen
549 4821 6342 4978 Professor, weder ein Minister, noch ein Bischof, noh ein Ordinariat noch irgend eine Behörde der
533 4938 6349 5134 Welt wird im Zweifel sein, wer am besten zu honoriren und zu brauchen ist. Hätte dieser Kapell¬
525 5111 6326 5283 meister mit seinen Talenten sich einem anderen Fache zugewendet, so wäre er längst über die arm¬
533 5283 6302 5448 selige, geplagte Stellung hinaus, die er jetzt einnimmt. Die Musiker dürfen noch lange arbeiten
525 5432 6357 5573 um diesen so einfachen Wahrheiten zum Durchbruch zu verhelfen. Aber man muß sie einmal aus¬
541 5573 6342 5785 sprechen. Denn woher die Gleichgiltigkeit gegen die Dirigenten? Von der Gleich giIitigkkeit wegen die
525 5714 6020 5903 Kirchenmusik selbst, eine Gleichgiltigkeit, die ihr so sehr geschadet hat und sie so tief linken ließ.
737 5863 6334 6114 Theologie und Philosophie sind wichtiger, als die Kunst und die Lehre von der Liturgie. Das
525 6075 6326 6287 gestehe ich zu. Trotzdem muß man behaupten, und es ist längst nachgewiesen, daß die Kirchenmusik
510 6263 6342 6443 und Kirchenmusiker zu gering geachtet werden. Ich weiß mehrere Kathedralen, wo die ganze Musik¬
517 6396 6334 6592 Kapelle, wo die ganze Kirchenmusik nicht so viel, ja nicht halb se viel kosten darf, als ein einziger
525 6545 6326 6726 Professor der Theologie. „Wohlfeil! Wohlfeil!“ ruft es da in allen Zungen. Wir wollen
510 6686 6302 6898 nicht, daß die Kirchenmusik überschätzt, aber auch nicht, das sie unterschäzt werde“
572 6859 3316 7086 (Fl. Bl. II. p. 70), das ist unser Programm.
831 6984 6326 7227 So lange man eine Kirchen=Musik will, soll man mehr Gewicht darauf legen, als
533 7141 6334 7384 bisher, dann wird es auch um die Kirchenmusik besser werden. Wer aber entweder ehrgeizig oder
510 7345 6326 7510 Liebhaber einer gemüthlichen Stelle ist, der muß auf Kirchenmusik verzichten; Kirchermusiker haben
510 7510 6326 7682 weder hohe noch angenehme Stellen anzusprechen oder zu erwarten; denn „wozu kann man Musi¬
517 7643 6318 7839 lanten brauchen?“ Diesen Bann zu durchbrechen, wird wohl noch längere Zeit und kräftigeres Zu¬
517 7807 6326 7964 sammenwirken der Musiker selbst (und daran fehlt es leider) erfordern. Diese ganze Expektoration
517 7964 6326 8121 hat also keinen andern Zweck, als Leser, die etwa nach einer Dirigentenstelle streben, zu Warnen und vor
510 8113 6326 8301 Täuschungen zu bewahren. Wer darnach strebt, muß auf Opfer, Anstrengung, Verkennung, vor¬
510 8262 6326 8450 nehmes Herabsehen, Gleichgiltigkeit und Mühseligkeite aller Art gefaßt sein. Glücklich, wer sein Leben
533 8411 6287 8568 dabei nicht um Dezennien abkürzt, sich den guten Humor nicht rauben läßt und doch Vieles leistet
510 8544 6326 8732 denn wenig leisten verträgt sich allerdings mit langem Leben. Glücklich, wer Nerven besitzt, die
510 8709 6318 8881 einerseits die innersten und zartesten Pulsschläge der Tonkunst fühlen, andererseits aber sich so beruhigen
525 8866 5973 9046 können, daß sie die Tonkunst und ihre Aufregungen zur rechten Zeit nicht mehr empfinden.
6036 8873 6318 9046 Eine
6099 9022 6334 9211 des
510 9015 6004 9203 einzige längere geistvolle Composition geistvoll dirigiren ist eine so immense Anstrengung
517 9179 6059 9352 Verstandes und Gefühles, jeder innersten Lebensnerve, daß damit eine gewaltsame Erschütterung
6114 9171 6334 9359 der
533 9320 6326 9563 Gesundheit verbunden sein muß, die in einem gewissen Alter lebensgefährlich wird, wenn nicht zur
