6743 10601
522 595 776 885 VI
515 943 6347 1197 rechten Zeit die nothwendige Abspannung und Ruhe erfolgt. „Das Dirigiren (so schreibt ein junger
551 1095 6347 1291 Chorregent) badet meinen Körper in Schweiß und droht mir (das ist meine Empfindung) manchmal
530 1277 6347 1443 die Nervenstränge im Kopfe zu zerreißen.“ I. G. Mettenleiter, Mendelssohn und tausend andere
522 1422 6354 1618 haben ihr Dirigiren mit einem vorzeitigen Tode gebüßt. Dafür kann die Welt Nichts, es mag noch
551 1589 6347 1755 so schmerzlich sein. Aber für ein anderes Mißverhältniß kann sie: Ist die Kraft eines solchen
530 1734 6325 1915 Meisters im Dirigiren gebrochen, so fragt man, und wenn er auch mehr als 30 Jahre gedient hat,
530 1886 6340 2053 verwundert: Was soll man jetzt mit dem Musikanten anfangen? Er wird doch nicht ausruhen wollen,
522 2053 6340 2234 ist erst 55 Jahre alt; und wenn — wohin damit? „Ich habe mich früher oft geärgert, wenn ich
544 2198 6340 2350 Chorregenten beobachtete, wie sie ganz phlegmatisch an ihrem Pulte standen und mit nicht berechneter,
559 2328 6354 2532 sondern unberechtigter Ruhe den Takt schlugen. Herunter mit ihnen! dachte ich mir oft. Jetzt ist
537 2524 6354 2706 mir ein anderes Licht aufgegangen. Diese Chorregenten waren sehr klug, sie schonten sich, sic erhielten
551 2648 6347 2836 ihre Gesundheit, wurden sehr dick und stark und erreichten ein hohes Alter! Probatum est! Soll
544 2785 4418 3025 ich's auch so machen?" So fährt der eben citirte Chorregent fort.
834 2945 6354 3257 Kurz — es sind nur drei Fälle möglich: Vorzeitig sterben oder rechtseitig ruhen (bevor du,
537 3177 6354 3366 mein lieber Chorregent, vollständige Erschöpfung fühlst) oder bei den geringeren unter den Werken
559 3344 6354 3525 Führer's, Hahn's, Drobisch's rc. bleiben. Ich sage bei den geringeren — denn die grossen fordern
551 3496 4860 3772 grosse Chöre, viele Sänger, wiele Proben — und damit grosse Strapazen!
849 3714 6354 3961 Doch genug der Warnungen! Die Musik gleicht jenem Lande, dem Gott alle Reize gab, die
544 3881 6347 4055 Barbaren anzulocken, aber keine Waffen, sie abzutreiben. Sie zieht die sensitiven Nerven an und
762 4033 6347 4222 ruinirt sie! Eine der abgeschmacktesten Recensionen, die ich je gelesen habe, ist darum in den
559 4178 6340 4374 Schlußsätzen die M. Schletterer's in der Augsb. Allgem. Ztg. über die genannte Broschüre Rich.
551 4330 6347 4534 Wagner's „über das Dirigiren.“ Sie fragt: „Ist Wagner ein Dirigent, wie er es selbst von sich
537 4526 6333 4729 behauptet, warum stellt er sein Licht so unter den Scheffel? Warum begegnen wir ihm nirgends
2778 4657 6347 4824 Angenehmer und bequemer sitzt sichs allerdings in sorgenfreier
551 4671 2684 4831 als Leiter grosser Aufführungen?..
530 4802 6347 5012 Beharrlichkeit in einem mit königlicher Pracht eingerichteten Landhaus, als auf jedem Dirigentenstuhl
544 4962 6340 5128 der Welt." Wir haben keine Ursache, Richard Wagner zu vertheidigen. Aber man hat einer der
559 5092 6354 5273 Capacitäten unseres Vereines einen ähnlichen Vorwurf gemacht. Man bedenke also: Ein Mann von
551 5244 6347 5426 57 Jahren (Wagner ist 1813 geboren) ist den Anstrengungen des Dirigirens nicht mehr gewachsen
559 5411 6354 5578 wenn er sich's eben nicht bequem dabei macht oder außergewöhnliche Nerven hat. Und Rich. Wagner
573 5578 6347 5767 hat schon Jahrzehnte dirigirt und hat sich außerdem andere Aufgaben gestellt. — Bei unsern Chor¬
559 5716 6354 5919 regenten kommt hiezu noch ein Umstand: Es ist nicht nach Jedermann's Geschmack, wenn fähige Leute
580 5876 6347 6057 Chorregenten sein sollen ohne Chor, d. h. ohne ausreichende Kräfte. Ein fähiger energischer Chor¬
566 6021 6362 6224 regent kann zwar aus wenigem viel machen, aber aus Nichts Etwas machen. kann bekanntlich nur
580 6158 5143 6354 Gott und — der Chorregent soll es nach der Meinung gewisser Leute können.
856 6383 6369 6572 Als ich eines schönen Morgens per Dampfer von Neapel nach Capri fahren wollte und mit
559 6521 6369 6717 meiner Gesellschaft schon das Schiff bestiegen hatte, drängten sich in einem Kahne ächtfärbige Lazzaroni
559 6710 6354 6898 an den Dampfer. Einer hatte eine Guitarre, auf der er klimperte und die Saiten erbärmlich riß,
559 6877 6362 7101 einer aber, ein Kerl von circa 40 Jahren, brachte aus seiner Kehle Melodieen, die sich etwa in den
1799 6993 2133 7203 and
1269 7036 1813 7268 S.
1763 7123 2046 7261 untra
1378 7196 1647 7377 +
559 7138 1233 7435 Tönen
1784 7123 6362 7471 bewegten, ganz a la Carlotta Patti, nur mit dem Unterschiede, daß sie
559 7471 6376 7725 der Lazzaroni ebenso häßlich hervorquetschte, als letztere sie bezaubernd singt! Ich sah und hörte
566 7703 6369 7870 dem Spektakel mit den Gefühlen eines Weisen zu, der sich an baarem Unsinn ergötzt. Wir warfen
573 7856 6369 8030 unsere Soldi in die Mütze des Kerl, wobei ein deutscher Baron, ein wirklich liebenswürdiger Mann,
559 8015 6376 8233 die Bemerkung machte: Ich verstehe nichts von Musik, aber besser gefallen hat mit der Spaß, als
573 8182 2394 8407 jede Beethoven'sche Symphonie.
870 8291 6362 8574 Unsere katholische Kirchenmusik ist bis auf Ausnahmen nicht besser in ihrer Art, als die geschil¬
566 8494 6362 8690 derte Lazzaroni=Musik. Und diejenigen Herren in den Ministerien und Ordinariaten, die von Gott
573 8683 6376 8871 und Rechts wegen für dieselbe sorgen sollen, verstehen vielfach von derselben ebensoviel, als mein guter
573 8842 6354 9024 deutscher Baron. Sie berufen sich zwar immer auf ihre Gewährsmänner. Daß aber sie die Gewührs¬
580 8987 6362 9161 männer auswählen, vergesen sie. Sie vergessen also die Hauptsache. Unsere Domcapellmeisterstellen
580 9147 6354 9307 wurden bisher durch Herren besetzt, welche vielfach soviel musikalische Kenntnisse besitzen, wie mein
609 9292 1364 9546 Herr Baron.
