6837 10604
6244 655 6521 946 VII
982 924 6506 1201 Am Sitze eines Bischofes*) wurde eine Domcapellmeisterstelle leer. Sofort erschienen in Zeitungen
677 1164 6513 1361 Artikelchen, welche auf eine „ausgezeichnete Persönlichkeit“ verwiesen. Vor Zeitungen hat man Respekt
881 1332 1215 1521 ergo
1557 1303 6499 1506 Nach 2 Jahren waren die Kräfte des 55jährigen Domcapellmeisters erschöpft, d. h.
662 1463 6499 1674 es berührte ihn ein Schlaganfall. Während des Interregnums, das natürlich die Domcapelle ganz
670 1616 6499 1790 derangirt, haben aber die Blätter, besonders die „katholischen“, schon auf eine andere „ausgezeichnete
677 1783 6506 1994 Persönlichkeit“, die den kranken Domcapellmeister gratis vertritt, also ungeheuere Verdienste und ein quasi
655 1921 6492 2110 „Anrecht durch ihre Aufopferung und ihr Compositionen a la Führer erworben hat, zart aufmerk¬
684 2081 6499 2271 sam gemacht, und so kann die spätere Besetzung, aber auch der hohe Kunststandpunkt des Domcapitels
662 2271 6513 2453 und der Kapelle nicht zweifelhaft sein, wenn man nicht — andere bekannte Kritiker noch mehr
677 2394 1492 2649 fürchtet.
975 2540 6499 2773 Ein anderes Domcapitel hat einen Kapellmeister „berufen“. Laut mir vorliegender Dokumente
655 2707 6484 2896 mußte es später demselben bedeuten, „es sei unpassend, daß ein Tenor oder Baryton in der tieferen
655 2860 6477 3027 Oktave fort und fort die schwache Sopranstimme begleite." Das erklärt sich so: Wenn eine Stimme
677 3027 6492 3195 fehlte, z. B. der Baß, der Alt, so half der (auch viel componirt habende) Kapellmeister nicht etwa
655 3158 6477 3340 dieser Stimme ein, sondern fing an mit seiner „nicht schönen“ (wie mir der Bischof sagte) Stimme
655 3333 6477 3522 dencepran (!) mitzusingen. Da nun sehr oft gefehlt wurde, so „begleitete er fort und fort in
640 3464 6462 3653 der tieferen Oktave die schwache (!!) Sopranstimme." Da aber dieß manchmal sehr mühsam wird,
648 3646 6470 3835 so wendete er ein anderes Auskunftsmittel an, das wieder vom Domcapitel durch folgende Worte
633 3792 6470 3966 verboten wurde: „Bei blossen Vocalmessen (im Advente und der Faste nämlich, denn sonst war laut
662 3930 6455 4119 Dokument Instrumentalmusik) sollen den Sängern die Töne nicht durch Streich= oder Blasinstru¬
619 4105 3377 4345 mente in’s Ohr gegeigt oder geblasen werden!“
946 4199 6470 4497 Und das sind Domcapellmeister! Was wird bei andern Chorregenten geschehen? Wie viel
633 4410 6462 4614 Verdruß hatte das Domcapitel durch seine Wahl sich bereitet! — Ich sollte einst ein Urtheil abgeben
640 4578 6462 4774 über einen Bewerber um eine Chorregentenstelle. Ich antwortete: „Wer auf der ganzen Welt ist im
648 4723 6462 4927 Stande, ein Urtheil abzugeben, da der Bewerber sich nicht erprobt hat? Wer? Allerdings hat der¬
648 4883 6462 5058 selbe zwei und mehr Jahre unter einem ausgezeichneten Dirigenten gesungen, und wenn er nur eine
633 5029 6462 5225 musikalische Ader hat, so mußte er's lernen, aber ich weiß es nicht und Niemand weis es. Es ist
619 5174 6433 5385 nur zu wahr: Man kann ein ausgezeichneter Sänger, ein guter Schriftsteller, Kritiker, ja aus¬
3872 5327 6433 5531 *)“ Man braucht weder eine schöne Stimme
640 5334 3872 5524 zeichneter Componist und doch ein schlechter Dirigent sein."
619 5509 6433 5684 zu besitzen sich sage nicht: singen zu können, denn das muß man) noch zu componiren, und kann
626 5647 6441 5815 doch das Ideal eines Dirigenten werden. Ich gebe selbst auf schriftliche Zeugnisse unserer Capaci¬
633 5778 6433 5968 täten nichts, wenn sie nicht den Dirigenten als solchen erprobten. Wo hat man aber je gefragt:
611 5931 6433 6120 Welcher ist der tüchtigste, energischste Dirigent? Diesen müssen wir um jeden Preis gewinnen! Man
611 6084 6448 6288 verspricht Dirigentenstellen nach dieser und jener Rücksichtnahme, nur um die Hauptsache kümmert
619 6244 1543 6477 man sich selten.
917 6339 6441 6623 Da macht es eine Diöcese in Oesterreich noch schlauer — sie hat gar keinen Domcapelmeister;
611 6550 6433 6783 da braucht man sich auch den Kopf nicht über die Wahl eines solchen zu zerbrechen. Hat man ja
619 6724 6433 6914 auch in vielen Diözesen nicht einmal einen „Chorallehrer“ für die Seminarien, und in anderen
619 6906 6419 7132 wäre es besser, sie hätten keinen, als den sie haben! Es genirt aber Niemanden; man hat „Wichtigeres
611 7037 2081 7270 zu thun und zu denken."
924 7125 6426 7430 Richard Wagner sagt: „Ich kenne nicht Einen, dem ich mit Sicherheit ein einziges Tempo
604 7314 6419 7547 meiner Opern anvertrauen zu dürfen glaubte, wenigstens keinem aus dem Generalstabe unsrer Takt¬
640 7532 6404 7714 schläger=Armee. Hie und da bin ich dagegen einmal auf einen armen Teufel getroffen, an dem ich
597 7678 6411 7896 wirkliches Geschick und Talent zum Dirigiren wahrnahm: diese schaden sich für ihr Fortkommen sogleich
597 7852 6411 8042 dadurch, daß sie die Unfähigkeit der großen Herrn Kapellmeister nicht nur durchschauen, sondern un¬
604 7976 6404 8158 vorsichtiger Weise auch davon sprechen. Wer z. B. in den Orchesterstimmen des „Figaro,“ aus
589 8129 6390 8325 welchen solch ein General mit besonderer Weihe — Gott weiß, wie oft — die Oper spielen ließ,
604 8289 6353 8515 die übelsten, stets aber vom Chef unbemerkt gebliebenen Fehler auffindet, empfiehlt sich natürlich nicht.
881 8456 6411 8668 Bei den kirchenmusikalischen Stellen war es ebenso. Sie wurden nach ganz andern Rücksichten
589 8602 6419 8806 besetzt, als denen der Tüchtigkeit. Darum wünsche ich allen Domcapiteln etc. mit Recht, daß ihnen
604 8769 6397 9039 aus solchen Besetzungen so viel Verdruß als möglich erwachse!! Denn ein anderes Mittel gegen ihr
720 8980 4621 9242 *) Ich bitte das folgende als von vergangenen Zeiten gesagt zu betrachten.
670 9170 4738 9388 *) Das ergibt sich schon aus den Eigenschaften (siehe p. 14) eines Chorregenten.
4789 9141 6397 9432 Wer sieht denn einem Sänger
837 9366 5364 9555 oder Componisten Energie an? Man kann ihm vielleicht Tongefühl anmerken, aber nicht
5429 9359 5909 9592 — Energie
