6750 10566
385 617 734 872 VIII
378 879 6217 1140 Verfahren gibt es nicht. Doch nein — es gibt ja keine „erprobten Dirigenten“. Denn wo können
407 1031 6180 1307 jünge Kräfte sich erproben? Unsere Kapellmeister gestatten nicht, daß junge Kräft sich Erproben,
392 1264 6180 1438 und dieser Vorwurf trifft die Regensburger, wie die anderwärtigen; wäre ich ein Chordirektor, ich
392 1387 6195 1583 ließe junge Kräfte, Schüler über meine Kapelle, ich ließe sie einmal das Dirigiren versuchen und sich
392 1554 6209 1758 darin üben, und zeigte ihnen ihre Fehler etc. Ich würde sie ausfragen, welche Fehler oder gute
399 1699 6209 1888 Eigenschaften sie an andern Dirigenten bemerkten oder an Produktionen, und durch welche Mittel diese
385 1866 6224 2070 Fehler zu verbessern wären? Also das Verfahren der Domcapitel war nur eine Folge der ganzen
407 2019 3363 2237 Miserabilität unser kirchenmusikalischen Verhältnisse.
690 2142 6217 2339 Gaben aber einmal hohe Ordinariate Erlasse, so gaben sie nicht selten solche, wie man sie von meinem
407 2237 6180 2491 guten deutschen Baron erwarten könnte. Ein Beispiel siehe Witt's Musica sacra II, p 77. Vor mir
392 2462 6195 2680 liegt ein Aktenstück, in welchem ein hohes Domcapitel 1865 seinem Kapellmeister unter anderen fol¬
407 2629 6195 2825 gende Weisung gibt: „Von den figurirten zulässigen Messen sollen nicht ausgeschlossen bleiben die
392 2782 6195 2999 von Michel (und auch Joseph) Haydn, die Pastoralmesse von Bühler“!! Ferner: „der Kapell¬
378 2934 6180 3116 meister hat fortan, etwa von Quartal zu Quartal, einen Elenchus der Musikalien, die er während
385 3072 6188 3254 des Vierteljahres, mit Angabe der Auctoren, Stimmenzahl und Instrumentation aufzuführen gedenkt,
392 3232 6144 3392 dem Domkapitel (NB. dessen musikalische Kenntnisse durch obigen Satz genügend dokumentirt sind!
392 3377 6209 3588 zur Genehmigung in Vorlage zu bringen.“ Nun sind bei den meisten unserer Domcapellen die
392 3544 6209 3740 Kräfte so schwach, daß, wenn ein einziger tüchtiger Sänger oder Instrumentalist ausbleibt oder
378 3704 6217 3885 erkrankt, das Repertoire geändert werden muß! Wie also der Befehl des Domkapitels befolgt werken
392 3842 6209 4002 kann, ist nicht abzusehen. Was thun? Nun ja — einreichen und ändern nach den Verhältnissen;
399 3987 6209 4169 das Domkapitel merkt es nicht. Was der betreffende Domkapellmeister gethan hat, weiß ich nicht;
407 4132 6209 4321 ich weiß nur, daß er auf den Umschlag schrieb: „Hohe Erlasse. „In unseren Tagen, in denen alles
407 4285 6217 4459 was ewigen Bestand zu versprechen schien, zu wanken beginnt, sollten alle Autoritäten sich mehr als
407 4437 6217 4648 je hüten, ihre eigene Existenz durch Ignoranz und Parteilichkeit zu untergraben. Mag. ænon (?) 14
392 4619 6202 4837 de autor. Schmach über alle,*) die auf einen schlechten Zustand der Kirchenmusik, finde er sich wo
399 4764 5222 4975 er wolle, einwirken, ihn bessern können und nicht wollen! Cäcilia Februar 1866."
734 4859 6217 5113 Ich mache den Domkapiteln gar keinen Vorwurf, daß sie solche Mißgriffe begingen; sie verstanden
407 4982 6224 5244 es eben nicht besser! Aber vielleicht kommt man dahin, entweder die Kirchenmusik ganz beruhen zu
421 5207 6202 5374 lassen i. e. seine Pflicht zu versäumen, wie es bisher in bedauerlicherwe) Weise geschah, oder aber einen
552 5454 6224 5730 *) Beim Nachschlagen dieser Stelle wird man übrigens finden, daß der Schreiber derselben sie zunächst auf die
646 5614 6202 5781 Dresdener Hofkapellmeister bezog, nicht auf geistliche Behörden. Die erstere Stelle konnte ich nicht nachschlagen,
639 5774 2520 5919 weil ich das Citat nicht lesen konnte.
479 5904 6224 6071 *) Selbstverständlich will ich nicht läugnen, daß die Ordinariate rc. nicht auch vortreffliche Vorschriften erlassen
661 6035 6231 6159 haben, wo es sich um Darlegung der kirchlichen Gesetze und des kirchlichen Geistes handelt. So das Kölner
654 6144 6209 6297 Provinzialconcil, das Prager; das Wiener blieb ganz an der Oberfläche. Wo aber die kirchlichen Behörden in's
654 6275 6224 6406 Einzelne, in's Praktische eingreifen mußten, fehlt es. Und ohne dieses Eingreisen der Behörden in's Einzelné
654 6406 6217 6529 und Praktische helfen alle Gesetze und Vorschriften und Concilien Nichts. Das Prager Concil hat gar Nichts
646 6507 6209 6674 geändert, das Wiener konnte Nichts ändern. Das Cölner hat die Frauen von den Chören verbannt, sonst blieb
646 6623 6217 6798 alles beim Alten, und die Zustände sind bejammernswerth. Wirklich praktisch war nur, daß man ein paar junge
646 6769 6217 6899 Priester zur Ausbildung nach Regensburg sandte. An den goldenen Früchten, die diese einzige That getragen,
639 6885 6209 7030 könnte man ersehen, wie nützlich es wäre, wollte man für die anderen Verhältnisse, besonders sür die Schullehrer¬
639 7008 6224 7146 Seminarien ähnlich sorgen. — Meine hauptsächliche Klage über unsere kirchenmusikalischen Nothzustände
639 7146 6231 7306 concentrirt sich also auf den einen Punkt, daß wir nicht in jeder Diöcese einen Mann haben, der
654 7255 6217 7386 seine ganze Kraft der Reform und Förderung der Kirchenmusik widmet und im Namen des Bischofes bis
646 7371 6209 7509 in's Dorf hinab eingreift. Mag er Priester oder Laie sein, in dieser oder jenen Stellung sich befinden,
646 7488 6217 7640 gilt gleich, wenn er nur fähig ist und will. Man überläßt dieses wichtige Geschäft dem Spiele des Zufalles
639 7611 6188 7764 Wir brauchen, und davon hängt Alles ab, in jeder Diöcese einen fachtüchtigen „Generalmusikdirektor“
639 7742 6188 7865 Die Ordinariate machen die Kirchenmusik nur nebenbei und nothgezwungen ab. Ist es anders? Ich meine
639 7836 6195 8018 die Ordinariate haben nicht bloß gute Borschriften zu geben, sondern auch ihre Durch¬
668 7981 6217 8119 führung bis in's Einzelne zu überwachen, und wo es Noth thut, praktisch einzugreifen.
654 8090 6202 8250 Aber wo ist das bisher geschehen? Wo istdas Ordinariat, das auch nur (und das reicht bei Weitem nicht aus)
654 8221 6202 8374 einmal jährlich einen praktisch tüchtig gebildeten Musiker gefragt hätte: Was thun wir, was befehlen wir
661 8337 6209 8483 auf daß der Zustand der Kirchenmusik sich in unserer Diöcese hebe? Gebt uns einmal recht praktische, einfache,
654 8475 6224 8613 unwidersprechliche Punkte an, dann wollen wir darauf dringen! Hat ja nicht einmal Witt's ganz ungefährliche
661 8592 6217 8744 Mahnung Anklang gefunden (in der cit. Br. p. 28): Die bayerischen Ordinariate sollten zu den Prüfungen
639 8708 6224 8853 der Schullehrerseminarien, wie sie das Recht haben, einen musiktüchtigen Commissär senden, nicht einen, der
661 8831 6224 8969 die Musik höchstens oberflächlich versteht, wie es bisher immer war. Auch die preußischen Ordinariat
654 8962 6217 9100 haben großen Einfluß auf die Lehrer=Seminarien. Wo aber wird er wirklich mit Energie angewendet? Damit
639 9056 6224 9216 man aber nicht sage, auch wir seien unpraktisch, so schlagen wir die Resolutionen des allgemeinen deutschen
661 9202 6217 9340 Cäcilien=Vereines den Ordinariaten zur Durchführung vor. Wir würden die betreffenden Punkte sofort
639 9332 6224 9543 näher formuliren, wenn nicht die Zustände mancher Diöcesen so verschieden wären. Praktisch eingreifen wird
