6826 10601
6237 625 6484 901 IX
661 938 6440 1178 Mann im Domkapitel oder Ordinariate nicht für überflüssig zu halten, der die Sache versteht,*
661 1127 6491 1308 wie es auch das canonische Recht andeutet (vgl. Zustand der kath. K.=M. v. Fr. Witt p. 26) oder
661 1287 6476 1468 einen verlässigen Gewährsmann beizuziehen und ihm allein, nicht Liebhabereien der Domcapi¬
669 1432 6476 1606 tularen, zu folgen, also vor allem auf einen tüchtigen Domcapellmeister bedacht zu sein. Doch ich
661 1570 6484 1744 merke den circulus vitiosus, dessen ich mich schuldig mache. Ich habe ja oben gesagt, daß die Domcapitel
676 1737 6491 1926 früher meist einen solchen nur durch Zufall erhielten; denn auf einen tüchtigen Domcapellmeister bedacht
691 1883 6476 2064 sein, dazu gehören schon wieder mehr Kenntnisse, als sie früher (ich rede von längst begrabener
669 2057 6476 2275 Vergangenheit) besassen rc. — Man lasse also den „Zufall“ walten!! — Faßt man in’s Auge, was
661 2195 6491 2377 ein Ordinariat zu thun hätte, nämlich: Nicht bloß gute Vorschriften erlassen, sondern
661 2341 6484 2515 ihre Durchführung besorgen, das Repertoire eines jeden Kirchenchores visitiren
647 2508 6491 2704 und corrigiren, die Heranbildung von Gesangkräften in jeder Pfarrei veranlassen
647 2631 6469 2820 und überwachen, für den Musikunterricht in Seminarien und Volksschulen sorgen u.,
676 2791 6469 2995 so ist es keine Uebertreibung, wenn man behauptet, daß es kein einziges Ordinariat der Welt gab,
654 2973 6476 3169 welches wußte, daß dieß Alles seine Pflicht ist und wie weit sich diese erstreckt, durch welche Mittel
661 3111 6440 3285 sie zu erfüllen sei, wie man praktisch einzugreifen habe, und daß, wenn wirklich ein „Musikintendant“
661 3264 6491 3431 in einem Domcapitel wäre, er eine so riesige Aufgabe hätte, wie kein zweites Mitglied desselben.
661 3395 6484 3583 (Vgl. Witt's Broschüre p. 26 über Leitmeritz; dazu aber die Unterlassung der Durchführung in
669 3576 6491 3758 Fl. Bl. II. p. 47, 55, Musica sacra II, p. 93, 95 u. 92, III. 69 etc.; dazu wie man in Prag
683 3722 3402 3918 Choral singt, Musica sacra II. p. 87 u. 92.)
967 3794 6491 4041 Hiezu kommt die Sorge für den Volksgesang. Es ist eine weitverbreitete aber unbegründete
661 3991 6491 4180 Meinung, als erforderte der Volksgesang, wenn er in einer Pfarrei schon eingeführt ist, weniger
676 4172 6498 4369 sorgfältige Pflege, als der Kunstgesang (Fl. Bl. III. p. 20 u. 74!) Nun erst die Einführung!!
676 4347 6484 4550 Statt dessen hat ein Ordinariat, als der Vorstand eines Diöcesen-Bezirksvereins sich um die sehr
669 4470 6513 4681 nöthige Reform des Döcesanbuches an das Ordinariat wendete, die Nothwendigkeit derselben gar
661 4630 6491 4819 nicht begriffen. Ein anderes hat vor ganz Kurzem ein solches neu edirt, aber so, daß die Referenten
669 4783 6513 4943 des „Cäcilienvereins=Kataloges“ dasselbe, als zu viel der Kirche Unwürdiges enthaltend, nicht in
669 4928 6491 5175 den Katalog aufnehmen konnten. In anderen Diöcesen sind sehr unkirchliche Lieder üblich, die man
909 5146 6498 5430 man aber nur, wenn man mündlich belehrt, Vorträge hält, vorsingt, selbst „dirigirt“, das „Dirigiren“ lehren
916 5364 3198 5524 kann in Cäcilien=Conferenzen, Seminarien rc.
880 5444 6476 5691 ) Zu welchen sonderbaren Mitteln man bisweilen seine Zuflucht nimmt, um alte eingerostete Schäden zu heilen,
901 5611 5786 5786 davon liefern die nachstehenden im Beckumer Kreisblatt erschienenen Annoncen den besten Beweis.
1192 5691 6491 5880 „Bischöfliche Behörde zu Münster weiß, daß das Orgelspiel in der Kirche zu Oe..., statt — durch eine
901 5786 6491 5982 passende Orgelbegleitung zum Gesange und ein das Gemüth zur Andacht stimmendes
909 5975 6498 6142 Zwischenspiel — zur Feierlichkeit des Gottesdienstes mitzuwirken, nur gar zu oft Störung in der Andacht
901 6084 6491 6237 der Gläubigen verursacht, und zwar derartig, daß, seit nunmehr länger als 20 Jahren, dem nur provisorisch
916 6215 6484 6367 fungirenden Organisten und Küster zugleich, sein Orgelgeleier während der Mitte der Messe gänzlich untersagt
901 6338 6491 6484 werden mußte, wo seitdem plötzlich die Töne verstummen, aber ebenso plößlich, zu nicht minderer Störung,
909 6462 6498 6615 ein vieltöniges Geschnupfe und Gebuste der Gläubigen an deren Stelle treten. Bischöfliche Behörde hat seit
901 6571 6491 6745 Jahren die Nothwendigkeit der Abhilfe von solch' einem Uebelstand anerkannt, die Abhülfe gewünscht und befohlen.
1185 6716 3685 6913 „Du neues Jahr, wirst du die Abhülfe bringen?
1170 6825 3162 6993 „Oe..., 14 Tage nach Neujahr 1869.
1192 6876 6491 7102 „Erster Nachtrag; Nach dem Gloria des Hochamtes am heil. Dreikönigstage 1869 war die durch den
901 7058 6309 7203 Organisten herbeigeführte Gesangsverwirrung, die erst mit dem Verstummen der Orgeltöne endete,
909 7196 6498 7341 groß, daß ein Theil der Andächtigen entrüstet darein sah, während ein anderer Theil unter Lachen die Köpfe
901 7305 6469 7487 zur Orgel hinauf umwendete. So geschehen bei beiden Theilen der Andächtigen trotz langjähriger Gehöres¬
901 7436 1454 7625 abhärtung.
1185 7647 6491 7836 „Bischöfliche Behörde zu Münster weiß, daß das Orgelspiel in der Kirche zu Oe...,, statt — durch eine
901 7763 6491 7952 passende Orgelbegleitung zum Gesange und ein das Gemüth zur Andacht stimmendes Zwischenspiel — zur Hebung
901 7908 6476 8068 der Feierlichkeit des Gottesdienstes mitzuwirken, nur gar zu oft Störung in der Andacht der Gläubigen ver¬
901 8039 6491 8192 ursacht, und zwar derartig, daß, seit nunmehr länger als 20 Jahren, dem nur provisorisch fungirenden Organisten
894 8177 6484 8308 und Küster zugleich, sein Orgelgeleier während der Mitte der Messe gänzlich untersagt werden mußte,
894 8279 6491 8424 wo seitdem plößlich die Töne verstummen, aber ebenso plötzlich, zu nicht minderer Störung, ein vieltöniges
916 8417 6469 8621 Geschnupfe und Gebuste der Gläubigen an deren Stelle treten. Vischöfliche Behörde hat seit Jahren die Noth¬
909 8526 5822 8744 wendigkeit der Abhülfe von solch einem Uebelstand anerkannt, die Abhilfe gewünscht und befohlen.
1163 8664 3642 8839 „Du neues Jahr, wirst du die Abhülfe bringen?
1156 8781 3220 8926 „Oe... 4 Wochen nach Neujahr 1869.
1163 8810 6498 9042 „Zweiter Nachtrag: Kommt die Sodalität bei dem Umzuge einer Prozession von Aussen wieder in
894 8984 6491 9173 die Kirche hinein, so wird ihr Gesang von der Orgel aus in derjenigen Tonart empfangen, die im Notenhefte
901 9137 6476 9275 des Organisten und in seinem Griffe stehet, gleichviel in welcher Tonart die Sodalität singet. Haarzuberge¬
901 9253 6469 9428 sträubend gehen die verschiedenen Tonarten eine Zeitlang nebeneinander her, bis man auf der Orgel durch die
901 9398 6491 9595 nach ihr umgewendeten Gesichter inne wird, daß man sich in verschiedenen Tonarten bewege. Tät, tit, tüt
