6764 10604
386 648 576 903 X
401 947 6201 1217 allmählig ausmerzen sollte, weßhalb auch eine verschärfte Censur*) über neue Auflage von Gesang=
393 1159 6222 1333 büchern (ich habe da besonders auch gewisse Orden im Auge) unerläßlich wäre. Welche Aufgaben
401 1304 1581 1523 eines Ordinariates!
721 1465 6215 1698 Freilich, wenn man das alles einem Domcapellmeister aufbürden will, der außer seinen vielleicht
408 1676 6230 1836 400 Verrichtungen die Sänger dazu heranbilden, zahllose Gesangstunden geben soll, dann wird wenig
415 1763 6222 1945 oder nichts Nachhaltiges geschehen, davon gar nicht zu reden, daß z. B. die Domkapellmeister von
415 1938 6208 2128 München, Salzburg, Prag, Wien, Linz rc. auch noch als Schreiber auf Kanzleien (es gab eine Zeit
393 2069 4357 2281 wo es auch in R. war), oder als Theaterdirektoren beschäftigt sind.
707 2179 6208 2426 Bekanntlich betont man in unseren Tagen die Vokalmusik, und verlangt selbst bei der Instru¬
386 2375 6215 2587 mentalmusik die starke Besetzung des Sängerchores. Eine Thatsache wollen wir dabei constatiren.
401 2550 6230 2732 Die Gegner der reinen Vokalmusik fordern nämlich von einem dieselbe pflegenden Chore vollkommene
386 2703 6215 2871 Leistungen, nicht aber auch von sich selbst, oder von der Instrumental=Kirchenmusik. Daß letztere
423 2842 6222 3046 sehr Unvollkommenes leiste, hält man nahezu für selbstverständlich. Es ist mir vorgekommen, daß
415 2987 6215 3199 gewisse Behörden sich ständig über den „langweiligen Choral“ und die Abschaffung der früheren „so
423 3140 6222 3330 schönen Kirchenmusik" (Führer, Witzka rc.) beklagten, daß aber die nämlichen Personen an ihren
401 3308 6230 3505 Kapellmeister zu einer Zeit, wo noch Niemand an die Abschaffung der Instrumental=Kirchenmusik
408 3461 6215 3665 gedacht hatte i. e. im Jahre 1850 ein Schreiben erlassen hatten, wo sie ihn höchlich belobten, daß
408 3643 6230 3796 er so schöne Vokalmusik aufgeführt habe, und dann hinzusetzten: „Es wäre zu wünschen, daß dem
401 3745 6222 3920 Organisten allen Ernstes untersagt (soll heißen: bedeutet) würde, bei solo= und andern Parthien
393 3920 6215 4102 entweder gar nicht mitzuspielen, oder doch nur die dazu gehörigen Register zu ziehen, da durch dieses
393 4051 6222 4262 unzeitige Dareinspielen nicht nur das Ganze verliert, sondern wohl zu bedenken sei, daß der Sänger
379 4204 6237 4401 nur ein Register, d. h. eine Lunge habe. Ein gleicher Uebelstand ist das furchtbare schlachtenartige
386 4357 6171 4547 Blasen der Trompeter, und das schreckliche Dareinschlagen des Paukers, so daß die Zuhörer manch
386 4517 6208 4743 mal nur die volle Orgel und Trompeten und Pauken hören. Die präcise Einhaltung des po. und
386 4663 6193 4853 fo., cresc. u. decr. bei letzteren (!!) Instrumenten gibt dem Ganzen erst den gehörigen — Schmelz (17!)
386 4809 6193 5049 Hr. Domchorregent wird auch noch diese Uebelstände auf geeignete Weise zu beseitigen, sich angelegen
401 4962 1064 5210 sein lassen.
692 5057 6208 5290 Die vollständige Unfähigkeit, in musikalische Dinge praktisch einzugreifen, ließ nun diese Herren
386 5268 6193 5450 manchmal in vollständige Rathlosigkeit versinken. Eines Tages wurde eine musikalische Capacität zu
386 5436 6208 5661 Rathe gezogen. Er machte Vorschläge: Nehmt Damen und lasset sie tüchtig schulen. Antwort:
386 5581 6186 5778 Nein, Nein, da gibt es allerlei Uebelstände (vgl. Witt's Musica sacra II. p. 29). Nehmt Knaben
393 5742 6193 5895 ihr habt große Seminarien. Antwort: Aber die Vakanz — aber die Studien (!!) aber die Gesund¬
372 5887 6193 6077 heit (!!). Nun, so nehmet den —, der führt seine Messe zuerst in —, dann im Dame auf. Ant¬
379 6040 6201 6222 wort: Aber..., aber... aber... Nun so schafft die Kirchenmusik ganz ab. Antwort. Das
3075 6222 6201 6412 — das Volk — das würde ein Spektakel. Die Kir¬
379 6193 3068 6354 wäre das Beste, kostet ohnehin so viel, aber
386 6339 5348 6594 chenmusik blieb natürlich nach wie vor diesen geistvollen Antworten — ein Spektakel.
627 6601 6230 6922 auf den Orgeltasten herumfühlend, sucht man auf der Orgel nach dem übereinstimmenden Ton, man findet ihn
627 6798 1763 6988 nicht und verstummet.
874 6937 6201 7192 „Bischöfliche Behörde zu Münster weiß, daß das Orgelspiel in der Kirche zu Oe..., statt — durch eine
634 7162 6201 7323 passende Orgelbegleitung zum Gesange und ein das Gemüth zur Andacht stimmendes Zwischenspiel — zur Hebung
619 7279 6193 7447 der Feierlichkeit des Gottesdienstes mitzuwirken, nur gar zu oft Störung in der Andacht der Gläubigen ver¬
619 7432 6193 7592 ursacht, und zwar derartig, daß, seit nunmehr länger als 20 Jahren, dem nur provisorisch fungirenden Organisten
634 7541 6208 7672 und Küster zugleich, sein Orgelgeleier während der Mitte der Messe gänzlich untersagt werden mußte, wo seitdem
641 7643 6193 7796 plözlich die Töne verstummen, aber ebenso plötzlich, zu nicht minderer Störung, ein vieltöniges Geschnupfe und
641 7782 6208 7971 Gebuste der Gläubigen an deren Stelle treten. Bischöfliche Behörde hat seit Jahren die Nothwendigkeit der
634 7898 4816 8073 Abhülfe von solch einem Uebelstand anerkannt, die Abhülfe gewünscht und befohlen.
874 8044 3352 8241 „Du neues Jahr, wirst du die Abhülfe bringen?
882 8131 2929 8328 „Oe... 6 Wochen nach Neujahr 1869.
882 8168 6171 8437 „Dritter Nachtrag: Kommen Gläubige aus den Nachbarortsschaften zum Sonntagsgottesdienste nach
619 8314 6193 8539 Oe.. und hören, wenn der Priester vor dem Altare mal einen andern Ton ansetzt, als der Organist im Griffen,
619 8532 6201 8671 hat, oder wenn die noch nicht stimmbefestigte Jugend beim Gesange den Ton verliert, daß die Orgel dann
634 8649 6201 8802 unbekümmert darum, den einmal angeschlagenen Ton weiterleiert, und erst nach zu sehr überhandgenommener
648 8765 6193 8904 Disharmonie verstummt, so rufen sie beim Verlassen der Kirche: Wie ist so etwas möglich im neuen Dom zu
634 8860 6201 9064 Oe! Oe..., das sich kühn neben Paris und London stellt, es steht mit seiner Kirchenmusik unter jeder
634 8991 1231 9173 Dorfschaft.“
619 9064 6193 9326 *) Bgl. Fl. Bl. für kath. K.=M. III. p. 68. Eine geistliche Approbation von „profanen Alfanzereien, musikalischen
641 9275 6179 9465 Erbärmlichkeiten, Stümper= und Pfuscherhaftem in fünfter Auflage (hört!!) betr.“ Andere ähnliche Appro-
641 9399 3228 9618 bationen ließen sich in erklecklicher Anzahl anführen.
