6809 10604
6339 568 6601 844 XI
1070 851 6593 1092 Im Jahre 1855 faßte ein Domkapitel den Entschluß, die Damen abzuschaffen; „bezüglich dieses
757 1084 6593 1252 Beschlusses dürfte aber vorerst die nöthige Verschwiegenheit und Ruhe beobachtet werden, damit dieser
764 1237 6579 1412 delikate Punkt nach und nach in's Reine komme." Sechs Singknaben sollten angestellt werden,
771 1383 6586 1601 jeder mit sechs Gulden jährlich. „Um die Gewißheit zu erlangen, stets tüchtige Singknaben zu
764 1557 4330 1732 erhalten, so soll deßhalb eine Singschule in's Leben treten."
4497 1543 6586 1725 Natürlich dauerte das bloß einige
757 1688 6586 1870 Monate; die besten Sänger (Studenten) liefen trotz eines strengen Verbotes der „Intendantur der
779 1856 6579 2045 Domchormusik“ in die Vakanz. Welche Masse Schreibereien der Intendant sich und dem Chorregenten
750 2016 6586 2234 machte, weil zu viel Bogen behaart, zuviel Saiten verbraucht, gerade diese und nicht jene Musikalien
764 2154 4687 2343 angeschafft wurden, davon liefern ganze Aktenbündel Beleg u. s. f.
1077 2307 6564 2525 Es sei ferne von mir, ohne Respekt von den kirchlichen Behörden zu reden! Allein das thue
757 2489 6572 2664 nicht ich; ich bringe nur eine hinreichende (ich könnte sie aber leicht verzehnfachen) Menge von That¬
779 2642 6572 2846 sachen, die den bischöflichen Behörden zurufen: Die Wahrheit allein kann euch frei machen; und: Jam hora
757 2802 6579 2969 est de somno surgere! Es wird doch nicht hier den Nachweis der Liederlichkeit unserer kirchen¬
750 2933 6572 3144 musikalischen Zustände und ihres entsittlichenden Einflusses, wie der Wichtigkeit einer Besserung
764 3093 6564 3268 brauchen, da Witt's Blätter dafür eine Wolke von Beweisen aufgebracht haben, z. B. Musica sacra
757 3246 6579 3420 II. p. 31. III. p: 31, Fl. Bl. II. P. 66, V p. 78, IIl. p, 41 ff. Auch wird man doch nicht
764 3391 6564 3573 den Einwand, der längst in den Fl. Bl. III. p. 74 abgefertiget ist, erheben: Wir haben Wichtigeres
757 3566 6499 3741 zu thun. Wenn Riehl in seinen „Culturstudien“ rc. die regste Aufmerksamkeit der „Staatsmänner“
750 3653 6564 3923 der Regierungen auf die Kirchenmusik fordern zu können glaubt, was soll man von bischöfl. Ordi¬
750 3857 1834 4105 nariaten fordern?
1048 4010 6572 4228 Doch vielleicht frägt man, warum all’ dieß hier, in einer Broschüre „über das Dirigiren“? Weil
735 4214 6557 4403 wir ohne eine angemessenere und energischere Thätigkeit der Ordinariate nie Genügendes leistende
757 4374 6579 4585 Dirigenten bekommen und wenn wir solche hätten, eine einheitliche Leitung, ein Instanz dafür
742 4519 2278 4709 brauchen.*) In N...
2693 4512 6550 4694 hat wohl auch einmal, es ist der einzige Fall, den ich kenne,
742 4679 6564 4840 ein bischöfl. Visitator ohne musikalische Bildung um die Kirchenmusik und ihre Bedürfnisse gefragt.
742 4825 6557 5000 Der mir als ausgezeichnet bekannte Chorregent stellte die Forderung, es möge ein Bassist angestellt
742 4985 6564 5174 werden, weil die Mittel dazu vorhanden seien, sich eine gute Kraft gemeldet hätte und dann ein gutes
728 5131 6564 5298 Repertoire sicherer durchführen lasse, als mit Dilettanten. Der Pfarrer aber remonstrirte, er brauche
742 5283 6542 5458 keine „Domchormusik“ etc. Das letztere zwar bloß privatim, aber amtlich wurde die Sache so dar¬
750 5429 6550 5611 gelegt, daß der Bassist nicht angestellt und der Chorregent (zwar auch scheinbar des Lehramtes wegen,
735 5596 5072 5822 im Grunde aber, weil er zu lästig wurde) seiner Funktion enthoben ward.
1026 5807 6550 6040 „Die Kunst braucht Gunst, der Rosenstrauch braucht Licht, die Kunst draucht Kunst, sonst blüht
757 5909 6499 6128 sie nicht." Diesen Vers sollte man über alle Thüren der Ordinariate schreiben.*) Wie diese Gunst**
757 6062 6542 6331 sich erweisen soll, kann ich dem Nachdenken freundlicher Leser überlassen. In unserer papiernen Zeit
757 6273 6550 6441 findet selbst der Bibliograph, der Forscher in den alten Schätzen noch eher Anerkennung, als der
742 6411 6542 6608 diesen Schätzen Leben einhaucht, der geniale Dirigent. Ich habe dagegen nichts, daß die Forscher die
720 6557 6535 6768 verdiente Anerkennung finden — aber ungleich höher an Verdienst steht der Dirigent. So schwierig
750 6732 6513 6892 das Forschen sein mag, so ist das Dirigiren doch ungleich schwieriger; es ist aber auch nützlicher
728 6877 6542 7037 Was hilft das ewige Ediren ohne Aufführen? Carl Simrock sagt mit Recht im Vorwort zur
728 7037 6557 7219 3. Auflage seiner „deutschen Mythologie“: „Mit dem Hervorziehen unserer alten Poesie ist es nicht
742 7219 6557 7430 gethan. Aus dem Schutt der Jahrhunderte in den Staub der (Leih=) Bibliotheken, das ist ein
902 7496 6550 7736 *) Ich weiß ein Domcapitel, das einst einen Geistlichen zum Domcapitar wählte, weil er eine schöne Schrift
982 7692 6506 7852 hatte. Ich tadle es nicht. Aber machte man je den Vorschlag, einen Domcapitular zu wählen, weil er das
982 7831 6521 8013 Musikwesen leiten könnte, wie würde ein solcher Vorschlag aufgenommen werden?! Man soll mich nicht miß¬
975 7954 6535 8122 verstehen! Es handelt sich dabei nicht um das Kleid, sondern um den Einfluß. Wir Musiker betteln, daß die
968 8056 6528 8224 Wächter der Kirchenmusik ihre Pflicht und Schuldigkeit thun! Ich weiß in Deutschland keinen einzigen Pro¬
968 8194 6528 8362 tektor der Kirchenmusik, der über schöne Worte hinausgeht. Wäre es anders, so würde man Witt's Plan
968 8325 5902 8486 einer Musikschule anders unterstützt haben, als mit den Worten: „Ja, machen Sie die Sache nur!
982 8398 6513 8609 „Wir halten die Kirchenmusik nicht für so wichtig,“ saget ihr! „Und Papst Gregor der Grosse“? fragen
961 8580 6521 8849 wir: Seht, wir verlangen nicht, daß ihr euch nur den zehnten Theil interessiret, wo er gehandelt und
961 8711 2751 8900 euch ein Beispiel hinterlassen hat.
713 8784 910 8995 Ræs.
953 8820 6506 9031 Ich stage nur anzudeuten, in welch verschiedenem Lichte der Erzbischof von Olmütz, Rudolph, der Freund Beet¬
953 8988 6521 9148 hoven's und ein anderer Erzbischof (O. Jahn 2. Aufl. I. p. 624), dessen Bediensteter Mozart war, in der
961 9119 6499 9279 Geschichte dastehen. Vgl. auch „Neue Bilder aus dem Leben der Musik und ihrer Meister“ v. L. Nohl p. 99 ff.
982 9242 6513 9424 „Es bleibt das Vorrecht der Künstler den Kranz der Unsterblichkeit zu verleihen“, dieser hochtönende Satz gilt
968 9337 2402 9534 in sehr verschiedenem Sinne.
5582 9461 5771 9737 2*
