6774 10635
334 587 602 856 XII
348 834 6150 1117 Schritt aus einer Vergessenheit in die andere.*) Dem Ziele führt es nicht merklich näher. Dieses
341 1081 6136 1240 Ziel ist das Herz der Nation. Wenn da einst unsere alte Dichtung ihre Stätte wieder fände, dann
334 1240 6143 1458 ist Dornröschen aus dem Zauberschlaf erweckt... Die Geschichte muß dem Volk... gegenwärtig
334 1371 3119 1574 bleiben, wenn es nicht vor der Zeit altern soll."
653 1509 6128 1733 Seht ihr Verächter der Meister des 16. Jahrhunderts: Euere moderne Kirchenmusik war gealtert
334 1704 6143 1886 bei ihrer Geburt, war todtgeboren, weil ihr die Geschichte nicht gegenwärtig war. Wenn Mozart
326 1871 6128 2045 noch immerhin viel maßvoller war, als Joseph Haydn, so ist er es, weil ihm die Geschichte mehr
334 2016 6128 2212 „gegenwärtig“ war, als diesem, wie sein Verweilen bei P. Martini, seine Reise durch Italien (Sixtina etc.)
348 2183 6143 2335 (vgl. O. Jahn) beweisen. Nur derjenige Componist wird den rechten Weg in den „verzauberten
312 2306 6128 2509 Wald“ der Zukunfts=Kirchenmusik finden, der an die alten Meister anschließt, sie also gründlich
334 2480 6136 2662 kennt, dem sie „in Fleisch und Blut übergangen“ sind (Fl. Bl. 2c. V. p. 24) und dieß deßwegen,
312 2640 6143 2807 weil seitdem die Pfade Irrwege wurden und zur Welt, nicht zur Kirche führten. Wenn es aber
341 2785 6157 2988 Zöpfe gibt, welche meinen, eine Composition sei um so besser, je älter sie sei, die also nach dem
334 2945 6128 3111 Alter allein ihren Werth taxiren, so halte ich ihnen bloß das Wort Riehl's entgegen: „Wer nicht
334 3082 6150 3264 frisch bleibt im Schaffen, der vertrocknet auch im genießen.“ Das möge ein Wink sein für die
326 3235 6128 3481 Chorregenten betieffs der zu betreffenden Auswahl ihres Repertoires, den ich an obige Worte Sim¬
319 3401 2205 3612 rocks nebenbei anknüpfen wollte.
631 3510 6157 3757 So mögest du denn, freundlicher Leser, so viel in deinen Kräften steht, immer der Kirchenmusik
334 3728 6143 3909 gegenüber nach dem Spruche verfahren: Die Kunst braucht Gunst rc. Du wirst dann auch den
341 3880 4381 4090 Segen empfangen, der in der Förderung ächter, wahrer Kunst liegt!
500 4163 6136 4388 *) Ich glaube nicht, daß man überhaupt an der Musikgeschichte des 16. Jahrhunderts und allen Editionen ein
558 4381 6121 4555 allgemeineres Interesse gehabt hätte ohne das Streben, die todten Werke durch Produktionen zu verlebendigen.
566 4497 6128 4663 Und nur durch letzteres wächst auch ersteres. Wer also ediren will, soll auch für „Aufführen“ sorgen, sonst
566 4605 1262 4823 ist's umsonst.
