6799 10608
1505 1774 5626 2101 §. 1. Wichtigkeit und Eigenschaften des Musikdirigenten.
1127 2064 6462 2311 Proske sagt: „Die Direktion ist die Seele der Auffassung und Durchführung. Ein und
647 2224 6455 2428 dasselbe Orchester, ein und derselbe Sängerchor ist nicht wieder zu erkennen, wenn er von einer
647 2377 6462 2580 mangelhaften zu einer meisterhaften Direktion übergeht; auch wenn der schlechte Dirigent die gleichen
661 2551 6476 2726 Tempi einhält, dieselben Zeichen beobachten läßt, und doch — wie grundverschieden wird die Pro¬
647 2689 6440 2864 duktion. Ueber ein Jahr war ich Zeuge aller öffentlichen Funktionen der päpstl. Kapelle und zwar
647 2849 6476 3046 unter Baini's Leitung: allein welchen Unterschied nahm ich selbst an diesem unvergleichlichen Künstler¬
654 3002 6476 3213 chor wahr, je nachdem Baini selbst oder sein Substitut dirigirte. Unvergeßlich bleibt mir die Auf¬
640 3169 6455 3358 führung der Missa brevis von Palestrina in der Sixtinischen Kapelle am Allerheiligen=Feste 1834
647 3307 6455 3518 von Baini mit höchster Einfachheit und zugleich solcher Geistesspannung geleitet, daß jeder Blick und
647 3453 6491 3627 die leiseste Fingerbewegung den ganzen Chor elektrisirte. Später hörte ich dieselbe Messe wegen
647 3613 5386 3794 Baini's Erkrankung von seinem Stellvertreter dirigirt: — der Geist war dahin.
1119 3729 6455 3961 Der Berliner Hofkapellmeister H. Dorn erzählte vor Kurzem in der N. Berliner Musikzeitung
661 3932 6484 4078 (1869 p. 45): „Als Knabe von 10 Jahren schon war meine ganze Aufmerksamkeit auf den Dirigenten
661 4078 6433 4238 Heinrich Präger (damals in Königsberg) gerichtet und seine Nähe hatte für mich etwas Fesselndes
647 4230 6433 4441 was ich bei den anderen Königsberger Dirigenten durchaus vermißte. Als ich im Herbste 1823
669 4383 6476 4550 19 Jahre alt, nach Berlin kam, tauchten bei dem Anblicke Spontini's die Erinnerungen meiner
654 4536 6462 4732 Knabenzeit wieder auf. Schneiders (des sog. „Weltgerichts=Schneider“, d. h. des Componisten des
654 4688 6462 4848 Oratoriums „das Weltgericht“) und Seidels (nach Gaßner † 7. Mai 1831 zu Berlin als königl.
661 4834 6469 5023 preuß. Kapellmeister) Taktirung war spurlos an mir vorübergegangen; aber der Componist der
661 4979 6469 5183 „Vestalin“, Gasparo Spontini, lenkte mein Auge von dem Jenseits des Souffleurkastens wieder
661 5175 6469 5343 zu dem Diesseits. Das waren dieselben energischen, präcisen, beinahe eckigen und doch graziösen
669 5277 6447 5452 Conturen des rechten Armes und seiner das Taktholz (die Battuta) schwingenden Hand, dieselbe ge¬
661 5430 6447 5633 bieterische Haltung der ganzen wie in Bronce gegossenen Figur, derselbe feurige durchdringende Blick,
654 5590 6447 5764 welcher bald rechts bald links hin den einzelnen traf, ohne auch nur einen Moment die majestätische
654 5742 3060 5924 Ruhe des olympischen Hauptes zu stören
3583 5764 6462 5924 Im Jahre 1847 dirigirte Spontini am 23. und
3184 5757 3380 5924 .
647 5917 6476 6106 24. Mai (Pfingsten) zu Köln bei dem 29. Niederrheinischen Musikfeste. Ich fand ihn sehr verändert
647 6062 6469 6244 und zusammengefallen. Früher wollte ich darauf schwören, daß, wenn er im Civilrock auf der
661 6200 6447 6367 Parade erschienen wäre, alle Gefreiten und Feldwebel militärisch salutirt hätten, weil sie ihn für
654 6360 6447 6527 einen verkleideten General halten mußten. Davon konnte nicht mehr die Rede sein. Haltung und
661 6520 6469 6702 Gang waren gebückt und geknickt; nur das Auge sprühte noch immer Flammen, und der wildeste
647 6651 6455 6840 Paukenschläger wäre verstummt, wenn ihn mitten im rasenden Wirbel ein drohender Blick seines
647 6818 6462 7000 Auges getroffen hätte. Am sichersten bewegte er sich auf dem Terrain, wenn er den Mitwirkenden
654 6949 6440 7131 ihre Charaktere exponirte; dann war er noch immer wie früher (und wie es jeder tüchtige Opern¬
661 7116 6447 7320 dirigent*) sein müßte,) dramatischer Vorleser und Sänger, der zugleich die Kunst der Minik besaß
640 7254 6462 7436 und sich auch nicht genirte. Die eben aus dem Pariser conservatoire zurückgekehrte Babnigg, in
647 7421 6462 7618 deren Adern Theaterblut sloß, fand es daher ganz natürlich, als Spontini ihr begreiflich machte, daß
654 7581 6462 7756 Amenais—Olympia ein kindlich-schüchternes Wesen sei, die einer so königlichen Erscheinung wie
661 7727 6455 7901 Statira gegenüber kaum zu athmen stage. Dazu stellte er den Generalmusikdirektor (das war
661 7887 6455 8054 Spontini) bei Seite, machte sich ganz klein, und das Köpfchen seitwärts gedreht, sagte er mit der
647 8017 6476 8221 Miene jungfräulicher Unschuld im gebrochenen Deutsch: Ich bin ja so ein arme Kind, ich weiß ja
640 8192 6433 8366 nicht, wer mein Mutt u. s. w. Aber Sophie Schloß, die mit ihrer wunderbar schönen Stimme und
647 8345 6455 8534 Gesangskunst doch immer wieder in den kälteren Oratorienstil zu verfallen drohte, sie fuhr entsetzt
625 8497 6447 8657 empor, als er sich ihr gegenüber riesenhaft auszudehnen suchte und die Augen weit aufriß, „denn
640 8657 6455 8817 Sie sein die Frau von dem groß Alexandre, und jetzt sein Sie dem Mörd auf die Spur und
625 8795 3852 9042 verfluch den Cassandre, weil Er is gewees der Mörd.
705 9130 6440 9355 *) Gilt von der K.M. mutandis mutatis gerade so. Vorgeigen, Vorsingen, Vordeklamiren, Versprechen (Vokalisiren) rc.
865 9297 6091 9493 ist unerläßlich und liegt in der Natur der Sache. Bergl. über diesen §. Flieg. Blätt. f. k. K.=M. V. p. 23.
