6771 10597
408 480 662 779 14
873 815 6222 1063 Wenn man aber glaubt, bei Spontini habe das Aeußere das Meiste gethan, so irrt man.
422 1019 6237 1208 Dorn erzählt: „Es war in der Theaterprobe des „Don Juan“. Spontini leitete die Oper, wenn
415 1157 6230 1339 ich nicht irre, zum ersten Mal; mindestens schienen die Bemerkungen, welche er dem engagirten
422 1325 6237 1521 Solopersonal machte, für dasselbe durchaus neu und überraschend. Nie werde ich den Eindruck
415 1470 6230 1710 vergessen, den es auf mich machte, als er im 1. Finale an folgender Stelle Halt gebot und (halb
415 1608 4345 1856 französisch, halb deutsch) den Sängern erklärte, daß in den Takten
2322 1783 3158 2081 9,9 ou 4,
3224 1812 3464 2081 "
1528 1848 1805 2081 C
1063 1907 1303 2198 D
400 2191 6222 2423 die Achtel nicht in der gewohnten Weise als Viertel gesungen werden dürften; denn wenn auch die
408 2402 6222 2569 einzelnen Noten des in natürlicher Folge gebrochenen Dur-Dreiklanges den bestimmten Entschluß zur
393 2540 6230 2744 Bestrafung des Bösewichts anzeigten, so müßte eben durch die abgestossene Achtelbewegung zugleich
408 2700 6237 2896 die Furcht vor dem übermüthigen Feinde ausgedrückt werden." Welche geistige Durchdringung einer
400 2860 1739 3042 Mozart'schen Partitur.
859 2998 6215 3188 R. Wagner erzählt: „Das Vorspiel zu meinen „Meistersingern“ führte ich zum ersten Male
408 3115 6208 3348 in einem in Leipzig gegebenen Privatkonzerte auf, und es wurde, eben unter meiner persönlichen
386 3311 6200 3471 Leitung, vom Orchester so vorzüglich gespielt, daß das sehr kleine, fast nur aus auswärtigen Freun¬
408 3471 6222 3624 den meiner Musik bestehende, Auditorium lebhaft eine sofortige Wiederholung verlangte, welche von
400 3617 6200 3792 den Musikern, da sie hierin ganz mit den Zuhörern übereinzustimmen schienen, mit freudiger Bereit¬
386 3792 6200 3952 willigkeit ausgeführt wurde. Der Eindruck hiervon schien sich in einem so günstigen Sinne verbreitet
400 3908 6215 4097 zu haben, daß man es für gut fand, auch dem eigentlichen Leipziger Publikum in einem Gewand¬
386 4090 6215 4257 Hauskonzerte mein neues Vorspiel zu Gehör zu bringen. Herr Kapellmeister Reinecke, welcher der
400 4221 6200 4396 Aufführung des Stückes unter meiner Leitung beigewohnt hatte, dirigirte es diesmal, und die gleichen
415 4374 6200 4541 Musiker führten es unter seiner Leitung so aus, daß es vom Publikum ausgezischt werden konnte.
408 4534 6186 4709 Ob dieser Erfolg der Biederkeit der hierbei Betheiligten allein zu verdanken war, d. h. ob absicht¬
386 4672 6200 4869 liche Entstellung dazu führte, will ich nicht näher untersuchen, und zwar schon aus dem Grunde,
393 4832 6193 5014 weil mir die gänzlich unverstellte Unfähigkeit unserer Dirigenten gar zu einleuchtend bekannt ist: ge¬
400 4985 6200 5182 nug, von sehr eingeweihten Ohrenzeugen erfuhr ich, welchen Takt der Hr. Kapellmeister zu meinem
408 5152 3639 5334 Vorspiele geschlagen hatte, und damit wußte ich genug.
793 5291 6208 5487 „Will nämlich ein solcher Dirigent seinem Publikum oder seinem Herrn Direktor u. s. w. nur
386 5444 6200 5604 beweisen, welche üble Bewandtniß es mit meinen „Meistersingern“ habe, so braucht er ihnen blos das
378 5604 6193 5786 Vorspiel dazu in derselben Weise vorzutaktiren, in welcher er gewohnt ist, Beethoven, Mozart und
371 5742 6222 5924 Bach zu handhaben, und welche R. Schumann gar nicht übel bekommt, so hat ein Jeder sich leicht
386 5902 6200 6099 zu sagen, daß dieß ja eine recht unangenehme Musik sei. Denke man sich nur ein so lebendig und
393 6069 6193 6251 doch unendlich zartgegliedertes, sein empfindliches Wesen, wie ein von mir an diesem Vorspiel nach¬
408 6200 6193 6404 gewiesenes Tempo es ist, plötzlich in das Prokrustesbett solch eines klassischen Taktschlägers gebracht,
378 6382 6208 6557 um einen Begriff zu haben, wie es sich darin ausnehmen muß! Da heißt es: „hier hinein legst du
378 6499 6164 6695 dich; und was du zu lang bist, das hau’ ich dir ab, und was zu kurz, dass streck‘ ick dir aus!
378 6652 5924 6826 Und nun wird Musik dazu gemacht, um den Schmerzensschrei des Gemarterten zu übertäuben!
779 6812 6193 7008 „In Leipzig gehörte es zum Ehrenpunkte, die neunte Symphonie von Beethoven aufzuführen.
378 6972 6193 7154 Ich hatte mir die Partitur dieser Symphonie selbst kopirt, und ein Klavierarrangement zu zwei Hän¬
386 7110 6200 7292 den davon ausgearbeitet. Wie erstaunt war ich, von der Aufführung derselben im Gewandhause nur
364 7248 6193 7445 die allerkonfusesten Eindrücke zu erhalten, ja durch diese endlich mich so sehr entmuthigt zu fühlen,
371 7401 6193 7583 daß ich mich vom Studium Beethoven's, über welchen ich hierdurch völlig in Zweifel gerathen war,
400 7583 6186 7765 für einige Zeit gänzlich abwendete. Von der allergründlichsten Belehrung ward es für mich, endlich
378 7751 6193 7925 von dem sogenannten Konservatoir=Orchester in Paris im Jahre 1839 die zuletzt mir so bedenklich
386 7918 6200 8071 gewordene „neunte Symphonie“ gespielt zu hören. Hier fiel es mir denn wie Schuppen von den
386 8027 6200 8202 Augen, was auf den Vortrag ankäme, und sogleich verstand ich, was hier das Geheimniß der glück¬
2969 8187 3966 8376 So R. Wagner.
386 8180 2838 8391 lichen Lösung der Aufgabe ausmachte.
830 8245 6186 8522 Als die wesentlichsten Eigenschaften eines Dirigenten kann man bezeichnen: Tongefühl,
386 8449 6186 8668 Intelligenz, Feuer und Energie. Erstere sind nothwendig, um den Geist und damit das Tempo,
378 8660 6193 8849 die Vortragsweise eines Stückes zu erkennen.*) Letztere sind nöthig, um die Ausführenden zu begei¬
458 8944 6200 9221 *) Ich setze bei jedem, der dirigiren will, voraus, daß er sich alle Kenntnisse erworben habe, um eine Partitur lesen
604 9133 6186 9301 zu können und zwar sofort, vom Blatte weg d. h. er muß sofort das, was er ansieht, in sich erklingen hören.
764 9235 6193 9453 Wie lernt man Partituren lesen? Ich weiß es nicht aus Erfahrung, ich weis nur, daß ich an dem Tage, an
