6788 10615
662 771 6441 1061 stern und zu elektrisiren, daß sie sich dem Geiste des Stückes ganz hingeben und ihn in Tönen ver¬
632 967 2741 1214 lebendigen und gleichsam verkörpern.
1090 1061 6441 1352 Als ich eines Tages einen neu eingetretenen Chorregenten das „Dixit“ choraliter anstimmen
625 1250 6419 1461 hörte, wußte ich sofort, daß er nicht zum Chorregenten passe. Denn wer das so herabjagen kann
640 1447 6448 1621 hat kein Tongefühl, paßt also nicht zum Chorregenten. Bald zeigten sich die Folgen. Der Chor war
625 1599 6456 1788 zuvor gewohnt gewesen, das „Domine ad adjuv.“ langsam feierlich, wie sichs geziemt, vorzutragen.
632 1752 5634 1992 Einige Monate nachher hatte es schon von seinem Direktor gelernt es „herabzuhudeln
1090 1876 6441 2123 Ein Dirigent, der nicht augenblicklich fühlt, dem es nicht in allen Fasern und Nerven zuckt
625 2007 6434 2239 das Tempo ist zu schnell oder zu langsam, ist kein Dirigent. Ich kenne einen Dirigenten, er ist fast
640 2196 6448 2370 ohne jede wissenschaftliche Bildung in Bezug auf Technik und Geschichte der Musik — aber es strömt
632 2363 6441 2544 ein so lebhaftes Tongefühl in seinem Blute, daß diese Fehler höchst selten zu Tage treten. Wie
632 2501 6456 2683 inspirirt fühlt er, in welchem Tempo rc. ein Stück zu nehmen ist. Als er einst Palestrina's 6=stim¬
618 2661 6463 2850 mige Missa „Dum complerentur“ besonders in den Schlußsätzen des Kyrie und Gloria total ver¬
632 2828 6383 3075 schleppte, begegnete ich ihm und fragte: Wie geht es? „Ich habe Kopfweh, sah kaum die Noten“ etc.
1076 2944 6448 3133 Es gibt ausgezeichnete Componisten und Musikgelehrte, die schlechte Dirigenten sind; von
618 3112 6434 3301 Schumann ist das notorisch; ebenso von Proske. Das lag nun freilich nicht am Tongefühl, son¬
632 3257 6441 3446 dern wahrscheinlich an der äußeren Unbeholfenheit. Es ist ganz dasselbe, wie wenn gute Schriftstellen
640 3431 6448 3620 schlechte Redner sind. Ich gestehe, oft schon von der Art des Dirigirens aus einen Schluß auf den
632 3562 6419 3744 Charakter eines Menschen gezogen zu haben. So kenne ich einen Dirigenten, der eine sehr bedeu
625 3708 6448 3897 tende musikalische Bildung besitzt; aber wie sein Charakter schwankend und energielos ist, so seine
647 3860 6456 4049 Direktion. — Dirigirt ein verständiger Musiker Musik ledern, vielleicht recht fein, zart, ohne ohne
611 4035 6419 4209 Leben, Kraft, Schwung, so wird er ein feiner gebildeter Mann sein können, aber er wird als Cha¬
618 4217 2719 4435 rakter ebenfalls ohne Schwung sein.
1061 4282 6419 4500 Die Intelligenz des Dirigenten muß sich besonders auch zeigen in Bezug auf die Zusammen¬
640 4471 6419 4660 setzung oder Vertheilung der Sänger. Sicher braucht der Tenor, besonders bei den alten Meistern
611 4638 6427 4820 die den Tenor meist in die Höhe gehen lassen, weniger Stimmen, als der Baß, der Sopran we¬
611 4776 6419 4980 niger, als der Alt caeteris paribus. Die hohe Lage dringt durch. Es ist kein Mißverhältniß: Ein
603 4936 6448 5104 einziger guter Tenor gegen 4 Bässe; 4 Knabenalte gesen 3 Knabensoprane. Ist eine Composition
625 5104 6441 5271 mehr als 4st., so ist der tiefere Sopran stärker zu besetzen, als der höhere. Zum 2. Sepran sind
603 5271 6434 5445 meist auch diejenigen hinzustellen, die sicherer sind im Treffen. Bei den Alten gehen aber die beiden
625 5409 6448 5605 Soprane gleich hoch und haben beide gleiche Schwierigkeiten zu überwinden. Eine Ausnahme habe
618 5547 6448 5780 ich bei meiner Praxis einmal gefunden in der 5stimmigen Missa „Ecce quam bonum“ von
632 5714 3395 5976 H. L. Hasler. Hier kommt nämlich 4mal vor:
3555 5838 4180 6172 10.0
3620 6165 4180 6536 0-10
3192 6427 3461 6739 bis
3570 6456 4188 6739 su-sci-pe
6223 429 6470 785 15
611 6608 6434 6921 und dreimal hat der zweite Sepran das F nach dem fis des ersten Soprans zu singen. Diese ein¬
625 6848 6441 7052 zige im Kyrie rc. vorkommende sehr schwierig auszuführende Stelle bewog mich, zum 2. Sepran die
596 7016 6427 7205 trefflicherern Sänger zu stellen. — Ist eine Composition für vier gleiche Stimmen, so ist die tiefste
618 7168 6427 7365 (Alt II. oder Baß II.) am stärksten zu besetzen. Es hängt aber so viel von der Stimmenqualität
618 7314 4573 7524 ab, daß man bestimmte Zahlen nicht mit Sicherheit aufstellen kann.
1069 7372 6441 7677 Jedenfalls und unter allen Verhältnissen hat der Direktor dafür zu sorgen, daß nicht eine
625 7590 6419 7793 Stimme zu grell oder schreiend hervortrete. Er hat Instrumente und Sänger zu einander im rich¬
603 7757 6412 7932 tigen Verhältnisse zu verwenden. Die Stärke der Registrirung der Orgel erheischt besondere Studien
596 7910 6419 8099 und Sorgfalt. Wie schauerlich da manchmal gefehlt wird, ist erzählt z. B. in der Mus. Sacra III.
611 8062 6419 8259 p. 31 (Umschau, Garmisch). Bei zahlreichen Blechstimmen müssen Singstimmen und Saiteninstru¬
589 8237 6405 8419 mente sehr zahlreich besetzt sein. Ich habe oben gesagt, daß der Alt gut bestzt fein müsse; dieß
603 8360 6434 8593 insbesondere bei Frauenalten, oder wenn die Lage etwas tief ist. Hiegegen haben Knabenalte, wenn
836 8644 6412 8884 welchem ich die erste Partitur sah, sie auch lesen konnte d. h. in mir klingen hörte. Als Knabe von eilf Jahren
829 8877 6419 9051 hatte ich die Stücke, die ich in der Kirche hörte und die mir besonders wohlgefielen, nachgeschrieben, aber gleich
829 8978 6419 9146 in Stimmen. Wenn aber andere Recht haben, so lernt man Partituren lesen, indem man sie schreibt, und dabei
836 9102 6398 9291 denkt, wie es klingt, oder indem man Partituren zu spielen sucht oder bei Aufführungen mit den Klangwirkungen
822 9226 1323 9473 vergleicht
