6764 10632
445 510 664 809 16
438 802 6264 1087 sie z, a länger aushalten, etwas trompetenartiges, grelles, das man mässigen muß. Haben sie
438 1072 6272 1262 diese Noten bloß anzustossen (½, ½ Note), so ist das Müssigen weniger nöthig und schützt davor
430 1232 6264 1407 besonders ein scharfes Aussprechen der Consonten. Eine besondere Sorgfalt verdient der Alt,
423 1364 6264 1575 wenn die Soprane getheilt sind. Dann können letztere nicht leicht zu stark besetzt werden. Bei
423 1517 6264 1699 modernen Compositionen thut man gut, hohe Alte dem 2. Seprane zuzutheilen. Die Missa¬
452 1677 5076 1933 Papae Marcelli besetzte ich gewöhnlich bei einem 16—20 Mann starken Chore:
1524 1816 2975 2108 Sopran 4—5 (Knaben)
1860 1998 2953 2202 4—5 (Knaben)
1524 2005 1757 2180 Alt
1531 2086 4004 2436 I. Tenor ein Tenor und ein kräftiger Alt,
1517 2312 1933 2552 II. „
2713 2304 3143 2552 ebenso.
1510 2392 2924 2706 I. u. II. Baß je 3—4.
868 2552 1524 2837 Bei der in
1568 2567 6250 2851 der Mus. Sacra II, p. 94 citirten Aufführung derselben Messe war, wie mir
416 2735 1473 3012 mitgetheilt wurde,
1531 2786 6250 2983 Sopran 3 fach (Knaben), Alt 2fach (Knaden), I. et II. Tenor und I. Baß je
416 2975 6257 3165 einfach, II. Baß zweifach besetzt. Freilich waren die Männerstimmen auserlesen. Ist eine Messe
430 3121 6235 3304 für Bariton und Baß z. B. Tu es Petrus von Palestrina, so ist der Baß etwas stärker zu besetzen,
416 3245 6250 3464 als der Bariton. Jenes auf Gerathewohl=Besetzen der Singstimmen und Instrumente ist durchaus
423 3406 6250 3595 verwerflich. Man muß mit dem auf kath. Kirchenchören bis zum äußersten Mißbrauch getriebenen
416 3581 6242 3734 Mitwirken nichts könnender Dilettanten durchaus brechen. Ein sehr begeisterter Anhänger und Freund
423 3719 6221 3894 kam einst auf meinen Chor — zusehend. Die Aufführung (Missa Papae Marc.) begeisterte ihn so, daß
416 3865 6250 4062 er endlich zum Baß sich hinstellte und mitsang. Vor dem „Qui tollis“ schließen beide Bässe mit
394 4033 6235 4244 g; statt dessen sang er das um die Oktave tiefere. Wüthend flüsterte ich (der Abschluß gab dazu
423 4171 6235 4376 die nöthige Pause): „Da steht kein tiefes g; hätte der Componist es gewollt, so hättte er es selbst
401 4324 6242 4492 hinschreiben können.“ Der betreffende Herr verschwand sofort vom Chore und hat mich seitdem
401 4463 6242 4689 keines Blickes mehr gewürdigt. Uebrigens ist wohl jedem Dirigenten das s der Palestrina-Messe so
401 4609 3785 4857 viel werth, daß er an solcher Ungnade nicht schwer trägt.
846 4704 6242 5003 Beim Musikfeste in Regensburg war in der Vesper am 4. August der 2. Tenor so schwach
408 4850 6242 5119 besetzt, daß zahlreiche Schönheiten verloren gingen; so z. B. im Lauda Jerusalem (Mus. div.
408 5076 6242 5272 Neuestes Vesperheft p. 16 Zeile 6, Takt 3), die schön und sanft herabzuziehende Figur (das Ganze
408 5229 6235 5455 wurde um einen Ton erhöht gesungen) und daß das Magnificat wesentlich verlor, weil besonders
394 5411 6235 5623 einmal der 2. Tenor ganz zu fehlen schien. Das kam daher, daß der verlässigste Tenor heiser ward,
401 5550 6242 5761 und ein paar andere Volontärs ausblieben. Die Zuhörer konnten sich nicht erklären, daß es sie
401 5703 4718 5863 nicht so packe, wie sie erwartet hatten, wußten aber nicht, woher es kam.
846 5754 6235 6038 Die Eigenschaften eines Dirigenten schildert wohl mit den wahrsten und zugleich grellsten
394 6009 6235 6184 Zügen R. Wagner durch folgende Beispiele: „Ich habe einst einer Aufführung der G-moll Sym¬
394 6169 6242 6366 phonie von Mozart in einem der berühmten Münchener Odeonkonzerte beigewohnt. Hier erlebte ich
401 6337 6228 6498 an dem Vortrage des Andante dieser Symphonie, und an dessen Erfolge, etwas immerhin von mir
408 6454 6242 6622 noch für unmöglich Gehaltenes. Wer hat sich nicht in seiner Jugend dieses schwungvoll schwebende
416 6614 6242 6782 Tonstück mit schwärmerischem Behagen in seiner Weise zu eigen zu machen gesucht? In welcher
394 6753 6242 6950 Weise? Gleichviel! Reichen die Vortragszeichen nicht aus, so tritt das von dem wundervollen Gange
416 6921 6242 7081 dieser Komposition erregte Gefühl dafür ein, und die Phantasie räth uns, wie wir im wirklichen
401 7037 6235 7256 Vortrage diesem Gefühle entsprechen mögen. Da dünkt es denn, daß der Meister uns dieß fast ganz
416 7227 6228 7409 frei hat überlassen wollen, denn nur mit den dürftigsten Vortragszeichen tritt er uns bindend ent¬
423 7373 6228 7606 gegen. So waren wir frei, schwelgten in den ahnungsvollen Schauern der weichanschwellenden Achtel¬
408 7533 4434 7715 bewegung, schwärmten mit der mondscheinartig aufsteigenden Violine:
3398 7694 3697 7883 be
3836 7657 4674 7912 a e e
2939 7694 3245 8007 t-
4995 7679 5163 8000 1
4441 7876 4777 8058 Ein¬
1393 7839 1962 8211 Abb.
394 8197 6097 8481 deren Noten wir uns allerdings weich gebunden dachten; wir fühlten uns von den zartflüsternden
2472 8459 2654 8656 ce
2786 8488 3034 8722 1i0
3128 8452 3646 8839 „
2210 8496 2414 8780 7
1874 8518 2144 8860 2
3646 8452 4784 8926 nigereitet
387 8839 6221 9167 wie von Engelsflügeln angeweht, und erstarben vor den schicksalsschweren Mahnungen der fragenden
2881 9101 3099 9378 a
3238 9159 3464 9320 o
3413 9138 6213 9400 u. s. w. (welche wir uns allerdings in einem
1480 9240 2239 9495 Ilmois-
3362 9371 6199 9612 schön getragenen Crescendo vorgeführt dachten)
809 9305 1232 9582 b-u.
2392 9342 2618 9590 Päiwänä päivä
1203 9473 2786 9750 c. p.
