6778 10601
6163 476 6420 769 17
988 820 6398 1069 Derlei Phantasien hatten nun allerdings vor einer wahrhaft klassisch stritten Ausführung*)
534 1010 6383 1222 dieses Satzes durch einen berühmten Altmeister im Münchener Odeon zu verschwinden: da ging
534 1171 6420 1347 es mit einem Ernste her, daß einem die Haut schauderte, ungefähr wie kurz vor der ewigen
534 1325 6398 1501 Verdammniß. Vor Allem ward das leicht schwebende Andante zum ehernen Largo, und von
534 1486 6405 1662 dem Werthe keines Achtels ward uns auch nur ein Hunderttheilchen je erlassen; steif und gräß¬
534 1647 6383 1815 lich, wie ein eherner Zopf, schwang sich die Battuta dieses Andante's über unsern Häuptern dahin,
534 1815 6390 1991 und selbst die Federn der Engelsflügel wurden zu festgewichsten Drahtlocken aus dem siebenjährigen
534 1947 6390 2145 Kriege. Da ich mir schon wie unter das Rekrutenmaaß der preußischen Garde von 1740 gestellt
534 2108 6383 2262 vorkam und ängstlich nach Loskauf verlangte, wer ermißt meinen Schrecken, als der Altmeister das
527 2240 6383 2438 Blatt zurückschlägt, und richtig den ersten Theil des larghettisirten Andantes noch einmal spielen läßt,
534 2408 6390 2562 blos aus dem Grunde, weil er die herkömmlichen zwei Pünktehen vor dem einen Doppelstriche nicht
534 2547 6390 2760 umsonst in der Partitur gestochen wissen wollte. Ich blickte mich nach Hilfe um; da gewahrte ich
534 2694 6383 2899 aber das zweite Wunder: — Alles hörte geduldig zu, fand, was da vorging, in schönster Ordnung,
542 2862 6376 3060 und war schließlich überzeugt, einen reinen, jedenfalls recht unverdächtigen Hochgenuß gehabt zu haben,
534 3016 6098 3206 so einen ächt Mozartischen „Ohrenschmauß“. — Da senkte ich denn mein Haupt, und schwieg.
922 3199 6376 3360 „Als die höchsten Aufgaben für das Orchester in einer Mozartischen Partitur enthalten waren,
571 3301 6390 3506 stand an der Spitze desselben der eigentliche deutsche Kapellmeister, stets ein Mann von gewichtigem
549 3455 6383 3631 Ansehen (mindestens am Orte), sicher, streng, despotisch, und namentlich grob. Als letzter dieser
556 3623 6368 3814 Gattung wurde mir Friedrich Schneider in Dessau bekannt; auch Guhr in Frankfurt gehörte noch
542 3777 6390 3953 zu ihr. Was diese Männer und ihres Gleichen in ihrer Art Tüchtiges zu leisten vermochten, erfuhr
534 3953 6390 4136 ich noch etwa vor acht Jahren durch eine Aufführung meines „Lohengrin“ in Karlsruhe unter der
542 4085 6361 4275 Leitung des alten Kapellmeisters Strauß. Dieser höchst würdige Mann stand offenbar mit besorg¬
534 4238 6383 4429 licher Scheu und Befremdung vor meiner Partitur: aber seine Sorge trug sich nun eben auch auf
542 4385 6390 4553 die Leitung des Orchesters über, welche nicht präziser und kräftiger zu denken war; man sah, ihm
542 4553 6390 4736 gehorchte Alles, wie einem Manne, der keinen Spaß versteht und seine Leute in den Händen hat.
549 4707 6398 4882 Merkwürdiger Weise war dieser alte Herr auch der einzige mir vorgekommene namhafte Dirigent,
542 4875 6390 5043 welcher wirkliches Feuer hatte; seine Tempi waren oft eher übereilt als verschleppt, aber immer kör¬
549 4985 6412 5212 nig und gut ausgeführt. — Einen ähnlichen guten Eindruck erhielt ich von der gleichen Leistung
2028 5153 4839 5329 — Wer kennt nicht solche „grobe“ Kapellmeister?
571 5146 1954 5380 H. Esser's in Wien.“
1017 5234 6390 5475 Ein ausgezeichneter Dirigent, den ich kenne, wurde einst in einer Probe von einem zweiten
534 5475 6383 5658 Trompeter so aufgebracht durch Widersprechen, daß er rief: „Wenn Sie behaupten, das könne man
542 5629 6390 5812 nicht blasen, so sind Sie ein Esel. Punctum satis!" Der arme Trompeter glaubte nichts Eiligeres
549 5768 6398 5922 thun zu können, als seine Klage beim Domdechant D. (späteren Fürstbischof und Cardinal) anzu¬
549 5915 6398 6134 bringen und zu beantragen, der Dirigent müsse ihn um Entschuldigung bitten! Der Dirigent er¬
549 6061 6398 6251 wiederte: „Wenn Herr H. nicht mich um Entschuldigung bittet wegen seines ungehörigen Wider¬
571 6222 6398 6442 sprechens, dann versichere ich Sie, Herr Domdechant, daß er meinen Chor nicht mehr betritt.“ So
564 6405 4787 6603 geschah es denn auch; damit war ein für alle Mal gründlich vorgebaut.
1010 6500 6383 6705 Der nämliche Dirigent hatte, 24 Jahre alt, sein Amt gegen den Willen des damaligen
534 6669 6383 6859 Weihbischofs und Dompropst's durch die Majorität des Domkapitels in provisorischer Weise erhalten
542 6837 6390 7020 und angetreten. Er dirigirte zum ersten Male die Vesper von Röder (vergl. Mus. sacra v. Witt,
549 6983 6383 7159 III. p. 32 ff.). Beim „Confitebor“ schickte der halbmusikalisch gebildete Weihbischof, der pontifizirte,
549 7152 6398 7298 den Meßner auf den Chor: „Der Herr Domkapellmeister solle das Tempo schneller nehmen, wie es
571 7276 6390 7481 sich gehöre.“ Derselbe antwortete: „Sagen Sie dem Herrn Weihbischofe: Ich bin Domkapellmeister
542 7452 6398 7642 und nicht der Herr Weihbischof; also gebe ich das Tempo an, nicht er." Auch hier war damit für
549 7591 6398 7796 alle Zeiten gründlich vorgebaut. — Freilich mag es nicht jedem, der Familie zu versorgen hat, ge¬
534 7752 6390 7913 rathen sein, so vorzugehen. Aber geholfen hat es. Daß ich eine solche Antwort nur lobe, wenn un¬
549 7906 6405 8074 berechtigten Vorwürfen und Anforderungen entgegen getreten werden soll, versteht sich von selbst.
534 8059 6398 8250 Leider werden solche Antworten auch gegeben bei sehr berechtigten Vorwürfen etc. In diesem Falle
556 8213 3279 8411 ist „Grobheit" freilich sehr wenig lobenswerth.
1025 8330 6398 8542 Dagegen schildert R. Wagner die energielosen Dirigenten also: „Dies sind nun unsere heu¬
534 8433 6398 8711 tigen Musikbanquier's, wie sie aus der Schule Mendelssohn's hervorgegangen sind, oder durch dessen
556 8667 6229 8857 Protektion der Welt empfohlen wurden. Das war nun allerdings ein anderer Schlag Menschen
564 8835 6376 9069 nicht im Orchester oder beim Theater aufgewachsene Musiker, sondern in den neu gegründeten Kon¬
747 8967 6390 9245 * O wie viele Chorregenten gibt es leider, die ohne jede Modifikation des Tempo's den einmal angefangenen Takt
791 9201 6398 9377 fortschlagen, wie Metronome, als ob sie kein Gefühl hätten. Vgl. p. 23. Man kann freilich auch in den
798 9318 4399 9553 gegentheiligen Fehler verfallen — aber wie selten ist dieser gegen jenen.
