6799 10663
510 562 729 861 18
547 846 6337 1130 serpatorien wohlanständig aufgezogen, Oratorien und Psalmen komponirend, und den Proben der
525 1108 6330 1262 Abonnementskonzerte zuhörend. Auch im Dirigiren hatten sie Unterricht bekommen, und besaßen zu
525 1232 6337 1422 dem eine elegante Bildung, wie sie bisher bei Musikern gar nicht vorgekommen war. An Grobheit
518 1400 6344 1568 war jetzt gar nicht mehr zu denken; und was bei unseren armen eingeborenen Kapellmeistern ängst¬
532 1546 6337 1728 liche, selbstvertrauenslose Bescheidenheit war, äußerte sich bei ihnen als guter Ton, zu welchem sie
525 1692 6352 1896 außerdem durch ihre etwas befangene Stimmung unserem ganzen deutsch-zöpfischen Gesellschaftswesen
525 1867 6330 2035 gegenüber sich angehalten fühlten. Ich glaube, daß diese Leute manchen guten Einfluß auf unsere
525 2020 6344 2180 Orchester ausgeübt haben: gewiß ist viel Rohes und Tölpelhaftes hier verschwunden, und manches
532 2166 6323 2334 Detail im eleganten Vortrage seitdem besser beachtet und ausgebildet worden. Ihnen war das neuere
532 2312 6301 2479 Orchester bereits viel geläufiger, denn in vieler Beziehung verdankte dieses ihrem Meister Mendels
554 2465 6323 2669 sohn eine besondere zarte und feinsinnige Ausbildung auf dem Wege, welchen bis dahin Weber's
525 2625 3690 2808 herrlicher Genius zuerst neu ersinderisch betreten hatte.
912 2691 6315 2968 „Zunächst fehlte diesen Herren aber Eines, um der nöthigen Neugestaltung unserer Orchester
518 2895 6330 3114 und der mit ihnen verbundenen Institute förderlich zu sein: Energie, wie sie nur ein auf wirklich
518 3070 6330 3274 eigener Kraft beruhendes Selbstvertrauen geben kann. — Meyerbeer war z. B. sehr delikat; er
503 3231 6315 3391 bezahlte aus seiner Tasche einen neuen Flötisten, der ihm in Paris eine Stelle gut blasen sollte.
510 3384 6315 3566 Da er recht gut verstand, was auf einen glücklichen Vortrag ankommt, außerdem reich und unab¬
518 3537 6330 3705 hängig war, hätte er für das Berliner Orchester von außerordentlicher Verdienstlichkeit werden kön¬
503 3668 6308 3872 nen, als ihn der König von Preußen als Generalmusikdirektor dazu berief. Hierzu war nun gleich¬
510 3829 6323 4018 zeitig aber auch Mendelssohn berufen, dem es doch wahrlich nicht an ungewöhnlichsten Kenntnissen
503 3989 6308 4186 und Begabungen fehlte. Gewiß stellten sich Beiden dieselben Hindernisse entgegen, welche eben alles
503 4135 6301 4303 Gute in diesem Bereiche bisher gehemmt haben: allein, diese eben sollten sie hinwegräumen, denn
481 4288 6315 4463 dazu waren sie, wie nie Andere wieder, in jeder Hinsicht ergiebig ausgerüstet. Warum verließ sie
481 4441 6308 4631 ihre Kraft? Es scheint: weil sie eben keine Kraft hatten. Sie ließen die Sache stecken: nun haben
467 4602 6315 4777 wir das „berühmte“ Berliner Orchester vor uns, in welchem auch noch die letzte Spur selbst der
496 4762 6301 4959 Spontini'schen Präzisionstradition geschwunden ist. Und dieß waren Meyerbeer und Mendelssohn
481 4901 4580 5097 Was werden nun anderswo ihre zierlichen Schattenbilder ausrichten?“
2625 5214 4164 5528 §. 2. Das Probiren.
926 5455 6315 5695 Die Eigenschaften des Dirigenten müssen vorerst zur Geltung kommen bei der Probe. Bei
452 5630 6301 5841 der Aufführung ist es zu spät, wenn der Chor nicht an den Direktor gewohnt ist und jedes seiner
474 5819 6301 6002 Zeichen versteht. Nichts zeigt deutlicher den niedrigen Stand der katholischen Kirchenmusik, als der
452 5958 6301 6155 Mangel an Proben. Witt sagt (Flieg. Bl. I. p. 48): „Man täusche sich nicht: Ohne ernstliche
467 6111 6301 6323 Proben gehen Werke, deren Styl man nicht gewohnt ist, unmöglich. Wenn mir Jemand eine neue
459 6264 6286 6468 grössere Aufführung rühmt, so frage ich immer: Wie viel ernstliche, angestrengte Proben wurden
452 6454 6279 6622 gehalten? Sechs — dann mag es gut gegangen sein. Keine — ich werde eher die rühmenden
459 6585 6264 6746 Worte anzweifeln, als an eine gute Aufführung glauben.... Ich lasse Ausnahmen von der Regel
671 6738 6279 6921 Ohne Proben keine gute Aufführung — nur dann zu, wenn eine Kapelle vom Schweren zum
452 6870 6279 7059 Leichten übergeht, und selbst da muß der Direktor mit größerer Spannung dirigiren, damit die Nu¬
452 7045 2961 7220 ancen des Vortrages nicht verloren gehen."
882 7096 6286 7373 Vor mir liegen: D. Joannis Lasser,ielectoralis aulae et camerae Monacensis Musici Mis¬
430 7300 3894 7540 sae tres (Editio II.) opus I. Augsburg bei Lotter 1806.
882 7409 6272 7686 Voransteht der Orgelstimme: „Erinnerung. Da gegenwärtige 3 Messen so angelegt sind,
430 7650 6264 7825 daß mancher Chor auch an höheren Festtagen Gebrauch davon machen zu können wünschen möchte,
452 7788 6293 7985 so habe ich, vorzüglich um zu verhüten, daß mir kein Dritter in mein Werk hinein arbeite, die
430 7942 6279 8131 blasenden Instrumente selbst dazu gesetzt; jeder Chordirektor mag davon besetzen, was er kann, denn
438 8087 6264 8292 sie machen kein eigenes Chor aus. Eine vorhergehende Probe möchte (sie!) keineswegs über
438 8241 6264 8437 flüssig sein, wäre es auch nur, um die vorgezeichneten Expressionen desto pünktlicher zu befolgen.
438 8408 6272 8591 Das Tempo allegro muß zwar feurig, aber ja nicht so heftig genommen werden, daß dadurch
423 8547 6286 8780 die Worte des Gesanges und die Passagen der Begleitung unverständlich würden, sowie im Gegen¬
423 8707 5345 8882 theil das zu Schleppende jedem Stücke Werth und Wirkung benimmt.
890 8780 6279 9065 „Vom Sänger erbitte ich mir reine Intonation und natürlichen Vortrag statt so vieler oft
416 8999 6264 9254 nichts sagenden Floskeln und Verzierungen im Gesang, die dem großen Gegenstande und der Heilig¬
416 9159 3325 9364 keit des Ortes so wenig angemessen sind. Lasser.
861 9283 6264 9582 Wir geben das Agnus Dei der ersten Messe, um ein Bild der Compositionsweise Lasser's zu bieten
