6788 10597
6193 484 6435 777 19
1143 770 2528 1055 Bass-Solo. Andante.
1143 1011 6090 1195 A - gnus De - i, qui tol-lis pec-ca-ta, pec -ca - ta mun - di,
1949 1187 3818 1554 M. Bln.
4529 1224 4954 1495 à 2.
1305 1305 1700 1495 D
5277 1305 5746 1510 Esneuria:
5028 1414 5958 1627 o.s. w. & w.
3870 1312 4229 1620 to me.
1620 1429 2521 1781 „ „ *..
4199 1539 4705 1818 a. o. w.
2572 1546 2829 1700 to the
4668 1539 4888 1700 of
740 1422 982 1774 Länissä sekä yleensä
2800 1546 3093 1803 Kirjeldes-
2572 1590 2829 1818 in
4661 1568 4896 1810 to the
4940 1612 5533 1832 7
3210 1495 4031 1825 " " " "
4111 1664 4390 1825 r
960 1788 6383 2096 A - gnus De - i, qui tol - - - Ils pec - ca - ta tol- Iis pee-ca - ta, pec
1392 2037 4507 2360 Zschlöpfelstr.
4852 2125 5453 2418 F.
1642 2353 2741 2616 Helsingin-¬
2888 2353 3151 2580 =  =
4427 2418 5394 2609 3-0-
3782 2411 4236 2668 9 —
1708 2558 2462 2880 ta mun- di.
865 2638 1107 2866 ca
1840 2836 2367 3423 5.
1026 3298 6449 3635 Die 3 Messen, wie sechs andere, die ich kenne, bestehen fast durchweg aus 3 Akkorden: der
572 3488 3071 3774 Tonika und den beiden Dominantakkorden.
3151 3547 6442 3782 Geht das Stück in eine andere Tonart über, so kommen
572 3723 3100 3914 in dieser Tonart wieder diese 3 Akkorde.
3210 3723 6435 3921 So hat der Singbaß in dem ganzen ziemlich langen
594 3877 6376 4038 Kyrie der 1. Messe (Gd.) fast nur 3 Noten g c und d zu singen. Das ist nun freilich „leicht“
586 4016 6449 4192 Trotzdem hält Lasser Proben „keineswegs für überflüssig“, fordert reine Intonation und natürlichen
564 4155 6405 4412 Vortrag! O ihr unglücklichen Chorregenten! Wenn ein Lasser glaubt, seine aus 3 Akkorden be¬
601 4324 5944 4536 stehenden Werke leiden ohne Proben Schaden, was werdet ihr aus andern Werken machen?
1041 4419 6427 4690 In den Proben muß der Direktor seine Größe zeigen. Hic Rhodus, hic salta heißt es.
564 4610 6405 4815 Manches kann, wenn Dirigent und Sänger nicht zusammengewohnt sind, bei einer Aufführung miß¬
579 4786 6442 4954 lingen. Aber in der Probe hat der Dirigent das Heft in Händen. Als Witt im Vorjahre in
564 4925 6435 5101 Tirschenreuth und Plan Bezirks=Vereins=Versammlungen abhielt, beging er den großen Fehler, außer
579 5079 6442 5269 den Proben Produktionen zu veranstalten. Letztere gingen natürlich schlechter, als die Proben. Denn
564 5255 6420 5416 wenn in den Proben etwas fehlte, so klopfte er eben ab und ließ die Stelle 4—10mal repetiren,
564 5387 6435 5577 bis sie ging. Das kann man in der Ausführung nicht. Da nun die Leute natürlich nur zu der
572 5548 6427 5790 Aufführung kommen, so erhalten sie von der Sache nicht das richtige Bild. Viel eher in den Proben.
1055 5709 6435 5870 Es gelingt darum nur höchst selten, wenn man einen fremden Dirigenten beruft, den die
572 5826 6435 6010 Sänger nicht gewohnt sind, dessen Zeichen sie vielleicht nicht einmal verstehen. Zum guten Glücke
557 5988 6435 6171 ist es auch meist nur ein Parademachen mit berühmten Namen. So erzählt Hr. Dorn (N. Berl.
564 6141 6435 6317 M.=Ztg. 1869 p. 46): „Spontini's Adlerauge schwebte über der Vorstellung wie der Geist Gottes
572 6317 6442 6471 über den Wassern; aber er hätte nicht nöthig gehabt, bei neu eintretendem Tempo das Zeitmaß zu
564 6449 6405 6676 taktiren, denn das war ganz einerlei — man wußte schon, was er wollte, wenn er auch statt herau
557 6603 6339 6772 hinunterschlug. Der große Tonmeister hatte Zeit und Mittel, Alles so vorzubereiten, daß die 200-
564 6764 6457 6992 300 mitwirkenden Personen des Abends nur angetippt*) zu werden brauchten, um ihre Aufgaben
564 6896 2338 7153 in vollendeter Weise zu lösen.
1055 6999 6449 7277 Freilich kann man sich nicht immer darauf verlassen, daß man bei älteren Vokalsachen die
550 7226 6420 7424 Aufführung dirigirt wie die Probe. Witt schrieb darüber einem Freunde: „Ich kann mich erinnern,
557 7351 6457 7563 daß ich bei der ersten und einzigen Hauptprobe zum Abendconcerte der zweiten Generalversammlung
5614 7534 6442 7754 **) bestimmt
564 7534 5599 7695 des a. d. Cäc.=Vereins bei dem Motette von Orlandus Lassus „Justorum animae"
572 7644 6435 7886 hatte, die drei Schlußworte „sunt in pacen piano zu beginnen und acht Takte hindurch zu wachsen
557 7842 6435 8040 bis zum tio, jedoch so, daß jede Stimme sich genau an die Deklamation halte, demnach sunt in
579 7996 5189 8194 ruhig spreche, die längeren Noten des paoe aber sehr scharf und stark cresc.“
5240 7974 6442 8208 *) nehme, so daß im
564 8142 6427 8303 vorletzten Takte auf den letzten zwei Taktschlägen ein gewaltiges fio entstände. Ich würde deßhalb
572 8274 6427 8523 diese letzten zwei Taktschläge, wo alle Stimmen pa(oe) singen als Fermate (molto rit.) halten, wo¬
667 8553 6435 8824 *) Die Augsburger Postzeitung erzählt in ihrer Numer vom 31. August 1869 von dem Abendconcert bei Gelegen¬
821 8773 6442 8941 heit der zweiten Generalversammlung des allgemeinen deutschen Cäcilien-Vereines: „Wie sicher hier der Dirigent
828 8882 6442 9095 (Hr. Witt) seiner Sache und seiner sänger war, konnte man daraus ersehen, daß er momentan das Dirigiren
828 9022 3738 9205 aufgab und die akustischen Wirkungen zu erläuschen suchte
630 9132 3063 9286 **) Gedruckt bei Friedrich Pustet in Regensburg.
586 9168 5973 9476 Joach kann unter günstigen akustischen Verhältnissen eine hinreißende Wirkung hervorgebracht werden.
