6753 10622
382 455 646 749 20
382 786 6221 1050 rauf im Niedertakte alle das (pa)ee noch sie ansängen, dann diese letzte Silbe und Note im be¬
404 1006 6236 1212 ständigen decr. circa 14 Taktschläge des anfänglichen Tempo's aushielten. Als es zur Aufführung
367 1131 6221 1322 kam, fanden sich verschiedene Sänger ein, welche keine Probe gemacht hatten, was man der hiesigen
382 1315 6214 1506 Routine der Sänger im Palästrina=Singen wohl angehen lassen kann. Kurz das cresc. wuchs sich
389 1462 6221 1660 nicht so gewaltig aus, als ich wollte, eben dieser Sänger wegen, und ich gab deßhalb das Zeichen,
382 1609 6236 1792 den Schlußakkord schon po anzusingen, dann aber decr. zu nehmen. Die von der Probe her meine
397 1763 6236 1961 Zeichen gewohnten Sänger verstanden das augenblicklich und gegen die eingeübte Weise faßten alle
367 1917 6236 2093 die letzte Silbe sanft an. Es ist diese Stelle, wenn ich nicht irre, von der Bernh. Kothe in den
367 2071 6236 2277 Breslauer Hausblättern berichtete, wenn er sagt: „Die Ausführung der gesammten Musikstücke geschah
375 2233 6243 2424 aber auch mit einer Bravour ohne Gleichen. Neben einem mustergiltigen po und sotto vore führe
389 2365 6236 2571 ich nur ein durch 8—10 Takte fortgesetztes Crescendo an. Man glaubte in den letzten Takten den
360 2527 6236 2710 höchsten Grad der Kraft erreicht, und dennoch wuchs dieselbe noch mehr an, ohne jedoch nur einen
367 2681 6236 2865 Augenblick die Grenzlinien der Schönheit zu überschreiten und in Schreien auszuarten. Bei diesen
367 2813 6177 3004 Kraftstellen wirkten die Stimmen geradezu wie ein mächtiger Posaunen= und Trompeten=Chor.
375 2997 6229 3239 Trotzdem glaube ich, daß die Wirkung noch größer gewesen wäre, wärte die Sache nach meinen
367 3151 1667 3357 Intentionen gegangen.
808 3224 6236 3474 Welche Wichtigkeit übrigens zahlreiche Proben haben, davon kann jeder sich selbst überzeugen.
353 3437 6221 3628 Als z. B. Mettenleiter vor etwa 20 Jahren das „Weltgericht von Fr. Schneider“ aufführte, be¬
367 3592 6221 3790 gannen 4 Posaunen nach den ersten 3 Einleitungsfermaten (B-dur) den Choral zu blasen, der später
367 3746 6236 3915 im Verlaufe des Oratoriums öfter von den Singstimmen wiederholt wird, und dem der Text unter¬
338 3900 6207 4099 legt ist: Tausend Jahre sind vor dir wie ein Tag. Das ging nun miserabel genug. Mettenleiter
331 4047 6214 4253 ließ den Choral 12mal wiederholen — dann ging es ganz prächtig. Das muß man auch in Proben
345 4223 6214 4407 mit jedem Einzelnen thun. Nahm ich eine Messe mit den Schwächeren einer Stimme (Sopran oder
345 4363 6177 4576 Alt) durch, so ließ ich jeden einzelnen eine Stelle, die melismatische Figuren hatte, die ihnen unge¬
323 4517 2865 4730 läufig waren, ein halb Dutzendmal singen.
764 4642 6207 4840 Zahlreiche Proben sind um so nothwendiger bei Werken, welche voll Geist und voll Leben
331 4811 6184 4987 sind. Die Sänger müssen da zahlreiche Nüancen, Tempowechsel rc. beachten. Sie müßen also
331 4973 6199 5156 daran gewöhnt sein, immer ihr Auge mehr auf den Dirigenten gerichtet zu haben als auf die
308 5112 6199 5303 Noten. Als einst ein fremder Herr (van Damme aus Gent) einst Witt's Sänger singen sah, sagte
331 5296 6199 5501 er, am meisten sei ihm aufgefallen, daß die Sänger ihre Augen mehr auf ihn, den Dirigenten, als
323 5435 6199 5604 auf ihre Noten gerichtet hätten. Das ist unerlässig und nicht einmal schwer. Als Witt in diesem
345 5597 6184 5773 Jahre in — — dirigirte, glaubte er auch, durch ausdruckvolles Dirigiren die Leute zu einem voll¬
323 5758 6177 5942 endeteren Vortrage mitfortreißen zu können. Aber er mochte dirigiren, wie er wollte, die Sänger
345 5883 6184 6096 sahen von ihren Pulten gar nicht auf. Das läßt sich also nur erreichen durch Proben, denn diese
323 6045 2343 6309 allein geben Zusammengewöhnung.
764 6184 6170 6405 Auch bei den Proben ruht die Hauptsache auf dem Direktor, resp. seiner Auffassung! H.
316 6339 6184 6522 Dorn erzählt (Nr. 4, 1870, N. Berl. Musitztg. p. 30): „Als ich in Leipzig zum 1. Male Spon¬
308 6508 6184 6706 tini's Vestalin (1829) dirigiren sollte, war zuvor Berathung und zu derselben fand sich auch Fink
316 6669 6184 6846 ein, der Redakteur der allgem. musik. Zeitung. Er spottete des Enthusiasmus, mit welchem ich der
316 6809 6184 6985 Aufführung der Oper entgegensah, und stützte seinen Tadel über das Werk hauptsächlich auf den
323 6970 6177 7147 Schlußchor des 2. Aktes, den er für einen Walzer erklärte. Aber gerade auf diesen Walzer hatte ich
301 7095 6192 7301 es schon in den Vorproben abgesehen; denn der ungeheuere Effekt, den Spontini mit diesem Finale
308 7272 6192 7463 in Berlin hervorgebracht hatte, war mir noch zu lebhaft erinnerlich, als daß ich den Versuch, ihn
301 7411 6177 7595 auch in Leipzig hervorzubringen, unterlassen durfte... Am wichtigsten schien mir das Einstudiren
286 7551 6155 7749 des Chores, und obgleich der in seinem Fache treu bewährte Direktor Fischer wiederholt versicherte,
301 7720 6177 7903 daß auch er für die Vestalin schwärme und alles Mögliche zum Gelingen der Vorstellung beitragen
301 7896 5847 8080 werde, so erbat ich mir doch die Vergünstigung, die Chöre selbst einstudiren zu dürfen.
308 7984 6148 8219 ging in den Proben alles nach Wunsch, bis wir zu dem sog. Walzer kamen. Bei der Ausführung
286 8175 6192 8359 dieses grandiosen pracht= und machtvollen Allegro in Edur werden gemeiniglich zwei große Fehler be¬
316 8351 6162 8528 gangen. Erstens schmettern die Chorsoprane ihre Melodie wie die Lerchen hell und klar durch die
308 8513 6177 8689 Coulissen; bei aller Entschiedenheit muß aber die Stimme eine künstlich angenommene, umschleierte
279 8630 6170 8829 Klangfarbe (timbre voilé) beibehalten. Ist das nicht der Fall, so tritt natürlich in dem ganzen
294 8785 6170 8961 Stück ein triumphirender Charakter hervor, der ihm ganz fern liegen soll. Zweitens singen die der
279 8932 6148 9137 Melodie subordinirten Stimmen zum Theil abgestossene Viertelnoten, und zwar hört man diese ge¬
294 9115 6162 9269 wöhnlich in derselben Art vortragen, wie die nichtsbedeutende Chorbegleitung irgend einer italienischen
279 9269 6133 9490 Arie, nämlich: Fe 23 | 1 23 | ci 23 | ta 23 | wofür denn eben so gut substituirt werden kann
5986 7889 6162 8080 Es
