6819 10597
6258 463 6522 779 21
624 786 6493 1036 Kaf 2 3 | fee 23 | und 23 | Thee 23 |. Dedurch wird das ganze Finale in den Staub ge¬
624 992 6493 1175 treten, und die zerschmetternden Worte „schmachvoll sei ihre schamlose Stirne, des Schmucks und des
617 1161 6456 1359 hl. Schleiers beraubt; Fluch und Tod der strafbaren Dirne, die Nacht umhüll' ihr schuldiges Haupt'
624 1322 6493 1528 prallen ohnmächtig an der verfehlten und wo möglich noch überhetzten musikalischen Ausführung ab;
624 1469 6493 1653 dann hilft selbst die Beobachtung aller reichlich vorgeschriebenen dynamischen Zeichen nichts mehr und
617 1601 6486 1800 der Finkenwalzer steht leibhaftig vor uns. Hier galt es den Leuten begreiflich zu machen, daß jeder
595 1814 6500 1983 von ihnen seinem natürlichen Organ Zwang enthun und ihm den Ton der Erbitterung beibringen
610 1932 6038 2123 müßte, welche sie aber schon in den Proben auf ihren Gesichtszügen auszudrücken hätten.
6214 1946 6486 2130 Ich
602 2064 6508 2262 hatte am Tage nach der Vorstellung der „Vestalin“ in Leipzig die Freude, Fink in meiner Wohn¬
610 2270 6486 2446 ung zu begrüßen, der mich versicherte, er hätte bis dahin gar nicht gewußt, was eigentlich aus diesem
632 2387 6500 2585 Schlußchor gemacht werden könne; ich bedeutete ihn, daß ich vielleicht auch nicht dahinter gekommen
595 2549 6486 2754 wäre, wenn ich nicht zufällig Gelegenheit gehabt, die Erkenntniß aus der Quelle zu schöpfen. Noch
610 2696 6493 2894 50 Jahre — und die Spontini'schen Traditionen werden, wie jetzt schon die Mozart'schen, ganz
595 2835 2035 3070 verloren gegangen sein!"
1072 2945 6486 3202 Die Nutzanwendung hievon liegt nahe. Wenn ein Direktor den Geist eines Stückes nicht
595 3144 6449 3342 versteht, und den Sängern nicht in den Proben begreiflich macht, wie soll da eine gelungene Aus¬
610 3305 6478 3504 führung herauskommen? Freilich, und das ist ein Hauptpunkt, woraus man die Kirchlichkeit oder
595 3467 6471 3650 Unkirchlichkeit eines Musikstückes erkennen kann; die Werke Diabelli's wirken durch ihre Heiterkeit,
595 3614 6464 3797 Frische, Lustigkeit; ob man den Ausdruck, den Geist derselben im Voraus erkennt oder nicht; wo
610 3783 6464 3966 kein Geist ist, brauchts auch keinen zu erkennen; und wo kein Ausdruck ist. gibts nichts auszudrücken.
595 3915 6464 4143 es geht von selbst in die Glieder; denn Marschrhythmus und Ländler appelliren an die Sinnlich¬
602 4054 6493 4260 lichkeit, nich an den Geist, nicht an den Verstand. Und der Chinese, der mit dem Tamtam einen
595 4223 6478 4400 Schlag thut und auf den starken Schlag zwei leichte folgen läßt, erreicht denselben Zweck, wie der
595 4370 6464 4539 Walzercomponist; man kann darnach tanzen. Aber so wenig Geist und Ausdruck (wie wir es ver¬
595 4502 6471 4723 steh'n) in den Schlägen des Tamtam liegen, so wenig fordern die Werke Diabelli's. Wenn nun
595 4664 6464 4884 Jemand sagen wollte, das sei die höchste, die werthvollste Composition, die am leichtesten Jeder¬
595 4840 6464 5031 mann verständlich ist, so sind die Tamtam=Schläge des Chinesen zuletzt noch versändlicher als
588 4973 6456 5186 Diabelli. Man darf mich nicht mißverstehen: ich weiß sehr gut, daß die ächte Kirchenmusik jene
595 5142 6434 5332 Popularität besitzen muß, von der hl. Gregor der Große sagt: ut nescientibus fiat cognita, scien-
595 5303 6442 5487 tibus tamen non sit onerosa, d. h. sie muß also den Verstand des Denkers befriedigen und sein
580 5443 6449 5634 wie des Nichtkenners Herz erwärmen. Die Kirchenmusik ist für Alle; sie soll auf Alle wirken,
588 5582 6471 5788 Alle erheben, Alle erbauen, die Ungebildehen wie die Gebildeten. Ich stelle große, ja die am
595 5736 6464 5942 allerschwersten zu erfüllenden Anforderungen. Und wenn ich daraus folgere, daß das Componiren
595 5913 6464 6089 für die Kirche eine der allerschwersten Aufgaben ist, nicht etwa eine solche, die der nächstbeste, der
580 6052 6449 6243 die musikalische Technik kennt, lösen kann, so geschieht dieß nebenbei. Die Hauptsache für uns ist:
595 6207 6464 6405 Ein Werk für die Kirche, das also Geist und Ausdruck haben soll, fordert: daß in der Probe den
588 6353 6456 6537 Sängern dieser Geist und Ausdruck erklärt, ja gleichsam handgreiflich gemacht, d. h. so deutlich er¬
566 6515 6456 6677 klärt werde, daß es Jedem einleuchten muß. Es genügt in den Proben nicht, bloß darauf zu be¬
595 6662 6412 6853 stehen, daß alles glatt und sogar elegant gesungen werde, es muß mit Geist und Ausdruck ge¬
595 6824 1491 7066 sungen werden.
1043 6875 6456 7154 In solchen Dingen kann ich wenigstens meine Meinung nur klar machen, indem ich von mir
573 7037 6449 7323 selbst spreche. Ich probirte einst die Missa IV. toni von Vittoria im 1. Bande der Mus. div. Ich
588 7272 6442 7470 sang also den Sängern die wunderbar schöne Cantilene des 1. Kyrie vor (die ganze Messe wurde
558 7418 1770 7676 um 1 Ton erhöht):
4583 7558 6155 7881 son, Ky - rie e-lei - son,
1072 7602 1653 7881 Ky - ri - e
3621 7668 3775 7866 lei
2115 7756 2387 7947 + +
2137 7889 2820 8256 Läßelmän
2578 7830 2916 8124 Touta
845 7830 1072 8168 Ehe
3489 7844 3944 8256 c.
1447 7896 1638 8212 c
2843 7830 3430 8285 B-3-5
4084 7889 4510 8241 H4-
639 7991 1036 8285 Dit
5164 7991 6251 8359 -T. S. F.
2637 8094 2813 8300 te
1021 7991 1256 8263 Läänissä
4076 8190 4510 8388 t-7.
3908 8395 4128 8594 lei
2020 8403 2490 8608 ri - e
2556 8432 2718 8630 e
5457 8395 6346 8674 Ky - ri-e e -
1506 8403 1682 8630 Ky
4738 8373 5017 8623 son,
6177 8594 6420 8770 e -
3900 8579 4106 8785 Ky
4980 8799 6177 9115 ....
5795 9049 5971 9225 E
676 8990 1161 9387 H
5758 9203 5964 9372 -1
5318 9335 5957 9607 ri - e
4583 9350 4782 9600 Ky
