6781 10632
440 521 712 829 22
902 844 6324 1100 Nun war es wohl leicht erklärt, daß der Gesang wie das Melos bei Kyrie ruhig liegen
448 1027 6317 1254 bleiben, dann cresc. aufsteigen müsse. Wir kamen zum 4. Takte; da sagte ich: Die Stelle ist
440 1181 6339 1387 wundervoll componirt; das liegt aber in einer einzigen Note: im e des Sophran (3. Takt) und im h
455 1343 6317 1548 des Alt (4. Takt) [ich sang dazu die Stelle]. Ihr seid mit Recht gewohnt, jede Syncope zu be¬
2113 1489 6309 1761 = a im 4. Takte); hier habt ihr eine Ausnahme. Betonet ihr das
448 1489 1871 1717 tonen (d im 3. Takt,
470 1643 4028 1878 d, a, so ist es um die wichtigste Note der Melodie geschehen.
924 1805 6317 2003 Nun versucht nochmals: Nehmt das e cresc., betonet das d nicht, sondern lasset die Me¬
448 1944 6331 2142 lodie im selben (3.) Takte sanft herabgleiten, um im 4. Takte das eis ruhig liegen zu lassen, dann
455 2128 6295 2333 zu athmen und dann ein wenig zu steigern bis zum nicht zu grellen storzando des 5. Taktes (h)
448 2267 6309 2472 und dann die Kadenz ruhig verlaufen zu lassen. Noch wichtiger ist das h im Alte und Basse. Wie
470 2443 6331 2678 richtig und herrlich der Componist da verfahren ist, zeigt, daß bei dieser Hauptnote h (4. Takt) der
477 2560 6339 2751 Sopran ruhig liegt, damit ja der Alt alle Aufmerksamkeit auf sich ziehe. Im 8. Takte hält der
462 2722 6324 2898 Sopran a, der Tenor eis ruhig aus, der Alt hat eine kurze nicht zu betonende Silbe, damit ja das
462 2890 6324 3074 eindringlich-rührende Ansteigen des Basses deutlich werde! So beiläufig erklärte ich. Die Stelle in
462 3015 6324 3228 dieser Weise ausgeführt macht einen hinreißenden Eindruck.*) Es gibt keinen Direktor, der dieß durch
462 3177 6324 3404 irgend welche Zeichen den Sängern bei der Aufführung begreiflich machen kann; das muß in den
470 3331 1489 3580 Proben geschehen.
917 3463 6324 3683 Bei jeder Probe ist es wichtig, die schwierigeren Stellen repetiren zu lassen. Es hängt
470 3624 6331 3815 natürlich von der Beschaffenheit des Chores ab, was und wie oft zu repetiren sei. Das Richtige
462 3793 6324 3969 hierin zu erkennen, ist Sache des intelligenten Dirigenten. Geht er zu weit, so ermüdet er, und
462 3962 6331 4160 das ist fast ein ärgerer Fehler, als wenn er durch die Finger sieht. Ich weiß einen Dirigenten, bei
462 4086 6309 4292 dem es ständig war, das ganze Stück repetiren zu lassen. Dadurch wurden die Proben unendlich
470 4233 6331 4431 lang. Wer immer konnte, schlich sich davon, und die Folge war, daß ein großer Theil von vielen
499 4416 6324 4622 Stücken gar keine Probe machte. Der Direktor soll jene Stellen am meisten repetiren, welche am
470 4541 6317 4732 meisten Klippen zu fehlen darbieten: Gewisse schwere Einsätze mitten im solo, überraschende Har¬
470 4725 6339 4937 monie=Wendungen, von den Sängern nicht verstandene Hervorhebung melodischer Phrasen. Beim
492 4857 6339 5047 Musikfest in Regensburg am 5. August 1869 war einer der wenigen schwächeren Punkte in der
470 5011 6331 5201 Missa „Tu es Petrus“ der Einsatz des Tenor „passus“ (p. 26 der Part. Zeile 8, Takt 2); die
470 5157 6331 5333 3 Oberstimmen schließen mit der Dominant von Cd., worauf der Tenor mit f beginnt. Solche uner¬
477 5326 6339 5517 wartete Einsätze brauchen öfteres Ueben. Wie es aber hier verfehlt wäre, das h in b zu erniedrigen,
470 5480 6339 5664 um den Einsatz zu erleichtern, so ist in Mus. div. III. p. 282 (Magnif. von Palestrina) Zeile 3
492 5620 6331 5818 Takt 4 das unrichtig über die Note gesetzt. Es muß t bleiben, worauf der Einsatz von Odui ganz
484 5766 1401 6008 natürlich klingt.
954 5906 6309 6133 H. Berlioz sagt in seinem Büchlein: Der Orchester=Dirigent. Leipzig bei G. Heinze. p. 40
492 6067 6353 6258 „Ueberhaupt läßt sich nach meiner festen Ueberzeugung eine treue, lebendige, begeisterte Wiedergabe
470 6243 6346 6427 eines neueren Werkes, und wäre es selbst Künstlern höheren Ranges anvertraut, nur durch Einzel¬
484 6390 6346 6632 proben erlangen. Jede Chorstimme muß besonders für sich eingeübt werden, bis man sie gut inne
484 6529 2861 6786 hat, ehe man zur Gesammtprobe schreitet
954 6669 6324 6896 Aus dem Gesagten ergibt sich wohl mit unläugbarer Consequenz, daß von der Abhaltung der
484 6859 4585 7043 Proben und der Art sie abzuhalten die ganze Kirchenmusik abhängt.
4673 6845 6361 7065 Ein Dirigent, der die ver¬
470 7013 6331 7241 langten Eigenschaften besitzt, wird in Einer Stunde weiter sein, als ein anderer in der sechs¬
484 7138 1196 7410 fachen Zeit.
2260 7432 4585 7754 §. 3. Tempo und Tempowechsel.
990 7666 6324 7967 „Die gefährlichsten Chordirektoren (sagt H. Berlioz p. 28) sind diejenigen, welche durch das
506 7916 6331 8107 Alter ihre Gewandtheit und Energie eingebüßt haben. Die Durchführung irgend eines raschen Tempo
514 8085 6324 8275 ist ihnen unmöglich. Wie schnell auch die Bewegung im Anfange eines ihrer Leitung anvertrauten
514 8231 6317 8422 Tonstückes sein mag, nach und nach wird sie immer langsamer, bis der Rhythmus zu einer gewissen
506 8393 6331 8583 mittleren Langsamkeit zurückgeführt ist, welche mit der Bewegung ihres Blutes und der allgemeinen
506 8547 6331 8708 Abschwächung ihres Organismus übereinzustimmen scheint. Doch, um der Wahrheit die Ehre zu
506 8693 6331 8906 geben, nicht bloß gealterte Dirigenten sind es, welche den Tonsetzer dieser Gefahr aussetzen; es gibt
719 8950 6324 9244 *) Welche Effekte man mit dem darauf folgenden Christe erreichen kann, wenn man die zweite Silbe von elei¬
785 9214 6324 9376 son richtig deklamirt d. h. etwas betont, davon hat nur der eine Ahnung, der es hört, nimmer aber, wer es
800 9339 1753 9530 am Claviere spielt.
