6889 10563
6287 476 6550 834 23
688 820 6543 1076 Menschen in der Kraft ihrer Jahre, von lymphatischem Temperament, deren Blut moderato ihren
688 1069 6506 1244 Körper zu durchkreisen scheint. Haben sie einAllegro assai zu leiten, so verlangsamen fie es nach
673 1200 6558 1383 und nach bis zum Moderato; ist es im Gegentheil ein Largo oder ein Andante sostenuto, so wer¬
681 1361 6543 1566 den sie es, falls nur das Stück eine gewisse Länge hat, durch allmählige Steigerung lange vor dem
703 1508 6536 1713 Schlusse bis zum Moderato beschleunigt haben. Das Moderato ist ihr natürliches Tempo, und sie
666 1632 6550 1830 kommen unfehlbar immer wieder darauf zurück, wie ein Pendel, dessen Schwingungen man einen
688 1793 6536 1991 Augenblick beschleunigt oder verzögert hat. — Diese Menschen sind die geborenen Feinde aller charak¬
673 1961 4047 2137 teristischen Musik und die größten Verflacher des Styls!"
1156 2100 6528 2335 Jedem Kundigen werden bei diesen Worten Chordirigenten vor dem Auge des Geistes auf¬
688 2254 6506 2430 tauchen, weil sie deren genaues Conterfei geben. Es ist übrigens die Stelle nicht dahin zu ver¬
681 2415 6536 2598 stehen, als ob es nicht vorkommen kann, daß ein Stück „allegro assai“ oder ein „largo“ nicht in's
681 2584 6528 2752 moderato übergehen darf oder muß. Es ist nur die Rede von jenen, welche jedes Stück ohne
703 2737 4413 2928 Berechtigung, ohne Grund in's Tempo moderato hineinführen.
1156 2862 6528 3081 Es gibt nicht leicht ein Stück von einigem Umfange, das im gleichen Tempo vom Anfang bis
695 3037 6514 3228 zum Ende zu nehmen ist. Jeder Dirigent muß manchmal vorwärts drängen, manchmel zurück¬
673 3184 6536 3367 halten, ohne daß der Componist es vorgezeichnet hat. Das erklärt sich aus folgender Thatsache:
673 3359 6528 3528 Jeder, der schon componirt hat, weiß, daß während der Composition eines längeren Stückes ihn
666 3491 6550 3696 verschiedene Gefühle bewegen. Diese nun wird er in Noten verkörpern. Mit dem Wechsel der Ge¬
673 3645 6521 3835 fühle wird er aber auch, ohne es zu wissen und zu mollen, das Tempo wechseln und gar nicht
666 3791 6521 3974 daran denken es hinzuschreiben. Daß er das Tempo gewechselt habe, fühlt er vielleicht erst bei der
673 3959 6521 4157 Ausführung. Mancher Componist, ja die allermeisten, selbst Mozart und Mendelssohn, von Beet¬
666 4098 6536 4267 hoven, Schumann und späteren gar nicht zu reden, wechseln so oft, daß die Einzeichnung gar nichts
666 4252 6550 4428 mehr möglich ist und wenn — bleibt sie nicht in sich ungenau? Kann man durch todte Zeichen
673 4413 6543 4582 das lebendige Wort ersetzen? Kann man durch Buchstaben Geist, Talent, Begeisterung ersetzten? Wie
673 4545 6506 4735 läßt sich da helfen? Nur durch Credition und durch geistvolle Dirigenten. Am besten für ein Wer¬
673 4713 6543 4882 ist es, wenn ein Componist selbst eine Reihe von Dirigenten in seine Werke einschult, dann kann er
666 4889 6536 5065 am sichersten auf richtige Auffassung rechnen. Wer weiß nicht, wie heftig der Streit ist über die
673 5013 6536 5196 Auffassung der ersten 4 Takte der 5. Beethoven'schen Symphonie? Die einen nehmen sie Adagio, die
673 5174 6543 5365 andern Presto, die einen, wie Herbeck in Wien, lassen im 2. und 4. Takt die Fermate in voller
681 5328 6506 5504 Stärke abbrechen, die andern lassen sie ins po verlaufen u. s. f. Freilich darf man nicht glauben
666 5482 6521 5635 daß überall bloß Eine Auffassungsweise möglich ist. Ich glaube es ist H. W. Riehl, der in der
651 5606 6499 5796 Vorrede zu seiner Hausmusik aufmerksam macht, daß man Vieles von Bach in schnellem und hernach
673 5789 6499 5957 in sehr langsamem Tempo nehmen könne und immer gebe es eine wenn auch veränderte doch gleich
673 5928 6506 6126 großartige Wirkung. Dasselbe ist hie und da bei den Alten der Fall; doch wie ich vermuthe, ziem¬
659 6089 1273 6316 lich selten.
1120 6140 6514 6426 Nimmt man vielle (ich sage viele) der M. Haydn'schen Gradualien, so ist freilich klar, daß
681 6382 6506 6580 sie vom Anfang bis zum Ende in demselben Tempo zu bleiben haben, daß sie die Gefühle nicht
659 6565 6521 6755 wechseln, auch wenn die Textworte veränderte Gefühle andeuten, so wenig die Figuration der Saiten¬
666 6704 6514 6872 instrumente wechselt. Das ist aber dann nimmer Geist und Leben, das ist Mache, Faktur, wie es
695 6858 4106 7041 jeder kann, der das Mathematische des 4st. Satzes los hat.
1164 6997 6506 7194 Ich führe einige Thatsachen an, welche R. Wagner erzählt und die von den Fehlern han¬
659 7165 6506 7348 deln, welche so oft in Betreff des Tempos gemacht werden. „Ein sehr gemüthlicher älterer Kontra¬
659 7319 6506 7516 punktist, Herr Potter (wenn ich mich nicht irre), dessen Symphonie ich aufzuführen hatte, ging mich
673 7458 6499 7663 herzlich an, das Andante derselben doch ja nur recht schnell zu nehmen, weil er große Angst habe,
673 7633 6506 7802 es möchte langweilen. Ich bewies diesem nun, daß sein Andante, es möge so kurz dauern wie es
673 7787 6506 7985 wolle, jedenfalls langweilen müßte, wenn es ausdruckslos und matt heruntergespielt würde, wogegen
673 7934 6484 8116 es zu fesseln vermöge, wenn das recht hübsche naive Thema etwa so, wie ich es ihm nun vorsang
673 8080 6506 8241 auch vom Orchester vorgetragen würde, denn so habe er es jedenfalls doch wohl auch gemeint. Hr.
688 8234 6506 8424 Potter war auffällig gerührt, gab mir Recht, und entschuldigte sich nur eben damit, daß er diese
688 8365 6521 8556 Art von Orchestervortrag gar nicht mehr in Rechnung zu ziehen gewohnt sei. Am Abend drückte
673 8541 4033 8739 er mir, gerade nach diesem Andante, freudigst die Hand.
1098 8570 6514 8863 „Meine besten Anleitungen im Betreff des Tempo's und des Vortrages Beethoven’scher Musik
673 8790 6506 9009 entnahm ich einst dem seelenvoll sicher accentuirten Gesange der großen Schröder=Devrient; es
673 9002 6506 9178 war mir seither unmöglich, die ergreifende Kadenz der Hoboe im ersten Satze der C=moll¬
688 9119 1361 9368 Symphonie
