6767 10618
382 521 617 815 24
2686 947 4110 1270 a. v. s. w.
2099 1035 2356 1365 P
448 1351 6246 1637 so verlegen herunterblasen zu lassen, wie ich dies sonst noch nie anders gehört habe; ja, ich empfand
404 1600 6254 1820 nun, von dem mir aufgegangenen Vortrage dieser Kadenz aus zurückgehend, auch, welche Bedeutung
404 1747 5733 1996 und welcher Ausdruck bereits an der entsprechenden Stelle dem als Fermate ausgehaltenen
1211 1872 6276 2136 der ersten Violine zu geben sei, und aus dem rührend ergreifenden Eindrucke, den ich
1226 2092 6261 2290 von diesen zwei so unscheinbar dünkenden Punkten her gewann, ging mir ein den
1248 2261 3920 2474 ganzen Satz belebendes neues Verständiß auf.
910 2437 6268 2628 „Wenn ich heute einem Theater=Kapellmeister begreiflich zu machen hätte, wie er etwas zu
418 2584 6261 2760 dirigiren habe, so würde ich ihn immer noch lieber an Frau Lucca, als an den verstorbenen
426 2730 6276 2907 Cantor Hauptmann in Leipzig, selbst wenn dieser noch lebte, verweisen. Ich treffe in diesem
411 2877 6276 3083 Punkte mit dem naivsten Publikum, und selbst mit dem Geschmacke unsrer vornehmen Opernfreunde
426 3039 6261 3252 zusammen, indem ich mich an denjenigen halte, der etwas von sich gibt, und von dem wirklich etwas
418 3215 2760 3376 uns zu Ohr und Empfindung dringt."
866 3340 6276 3516 Fassen wir das *) zusammen, so ist klar: Die Hauptschwierigkeit im Dirigiren, der Grad¬
411 3486 6276 3677 messer für die Intelligenz des Dirigenten ist das Finden des richtigen Tempo's. Das richtige Tempo
433 3641 6276 3846 gibt erst Aufschluß über den Geist eines Tonstückes, und umgekehrt, wer den Geift eines Tonstücks
433 3809 6268 3986 erfaßt hat, dem ist ipso facto auch das richtige Tempo gegeben. Geist und Tempo eines Tonstückes
426 3956 6290 4118 werden in einem und demselben Verstands-Akte gefunden. Langjährige Uebung, Suchen und Den¬
426 4096 6290 4279 ken, also Talent und Fleiß wirken zusammen — zu einem Meister des Dirigirens, d. h. zu ernem
433 4265 4279 4433 Dirigenten, der immer mit Sicherheit die Tempi bestimmen kann.
873 4404 6298 4610 Es gibt Ein Merkmal, um das Tempo und damit den richtigen Vortrag zu erfassen. Das
426 4551 5263 4742 ist der Textesinhalt. Beispiele werden die Sache klar machen. Den Tag, bevor
5307 4551 6290 4771 ich das schreibe,
426 4720 6298 4903 hatte ich einem Conzerte beigewohnt. In demselben kam „Erlkönigs Tochter, Ballade von Niels
426 4859 6298 5057 Gade" zur Aufführung. Held Oluf will nicht mit Erlkönigs Töchterlein tanzen, letzteres hat ihm
433 5013 6298 5189 deßhalb „ein Leid's gethan“. Zu Hause wird er erwartet zur Hochzeit mit „der schönsten Jungfrau
433 5167 6298 5336 im Lande.“ Da singt seine Mutter: „Wer reitet dort durch's hohe Korn? Stößt laut, stödt
426 5336 6298 5527 laut in's gold'ne Horn! Es ist Herr Oluf selbst, die Sehnsucht schenkt ihm Flügel, Er schwingt sich
426 5490 6290 5681 wie ein Edelfalk' herab von jenem Hügel!" Und der Chor ruft: „Er reitet schnell, er eilt' nach
448 5622 6298 5828 Haus, Kings Stein und Funken stieben.“ Wenn nun ein Dirigent das Tempo für solche drängende
455 5769 6305 5967 Situation nicht begreift, der „Mutter“ sentimental zu singen angehen, den Chor schleppen läßt, dann
455 5945 6298 6151 soll er den Dirigentenstab niederlegen. Er ist ein Stümper. In demselben Concerte brachte ein
455 6092 6320 6276 4stimmiges Madrigal von Leonhard Lechner (um 1560) in der hypophrygischen (4.) Tonart durch
462 6239 6334 6430 fein nüancirten Vortrag eine gewaltige Wirkung hervor, besonders der Schluß: „Ach scheiden
580 6400 6312 6569 uns die euglein naß.“ Nach einem richtig angebrachten cresc. auf „scheiden“ wurde jedes
433 6533 6334 6701 Wort (wovon natürlich Nichts in der Partitur steht) piano ritard. vom andern durch Athmen ge¬
455 6709 6327 6907 trennt, als stockte die Rede vor Thränen, ohne Uebertreibung. Die Richtigkeit des Vortrages erhielt
455 6848 6290 7032 Zeugniß durch langen Applaus. Man vergleiche damit in Fr. Anerio's Requiem das „in obscurum“
470 7002 6320 7245 (Mus. div. II. p. 43) einer der herrlichsten Effekte bei Beachtung des in der Vorrede angegebenen
433 7142 1086 7355 Vortrages.
925 7318 6312 7479 „Will man Alles zusammenfassen, worauf es für die richtige Aufführung eines Tonstückes
448 7479 6327 7641 von Seite des Dirigenten ankommt, so ist dieß darin enthalten, daß er immer das richtige Tempo
470 7612 6312 7802 angebe; denn die Wahl und Bestimmung desselben läßt uns sofort erkennen, ob der Dirigent das
440 7751 6312 7949 Tonstück verstanden hat oder nicht.“ So R. Wagner. Und einen sehr wichtigen Aufschluß über
433 7905 6320 8089 das Tempo gibt der Text. Das Qui tollis, Et incarnatus wird in Regensburg bei den alten Messen
455 8089 4800 8265 immer viel langsamer, als das Quoniam, das Et in Spiritum genommen.
932 8228 6320 8426 In vielen Fällen aber, besonders bei den Alten, reicht der Text nicht aus. Dann muß die
455 8382 6283 8566 Melodie Aufschluß geben. Eine Melodiebildung, wie in Hasler's Missa II. (Zweite Vereinsgabe)
448 8536 6327 8705 fordert offenbar ein sehr langsames Tempo, weil bei einem schnellen Tempo die Sänger weder den
448 8676 6312 8874 Text zu sprechen noch auch die Töne hervorzubringen im Stande wären. Hiegegen würden bei lang¬
462 8837 6305 9058 samem Tempo die meisten Messen Palestrina's sehr verlieren. Proske gibt wohl für die Missa brevis
675 9168 6320 9439 *) Die ganze Wagner'sche Broschüre behandelt diesen Gegenstand, natürlich meist ganz concret mit Werken für's
763 9344 4668 9564 Theater und Concert sich beschäftigend. Ich verweise darum nochmals darauf.
