6861 10601
6180 563 6443 841 25
578 856 6458 1119 von Palestrina (Mus. div. I. p. IX) beim Kyrie M. M. — 60 an; allein das ist nur für den An¬
607 1082 6451 1295 fang; man muß bald vorwärts drängen. Bei der Missa Papae Marcelli ist das mittlere Tempo
607 1258 6458 1419 sicher = 110, das manchmal (Schluß des Gloria, Credo, Hosanna) bis — = 140—165 zu
607 1368 6458 1580 steigern ist. Würde man sich durch den Text „Miserere“ bei Orlandus's 50. Psalm zu einem lang¬
614 1543 6465 1741 samen Tempo verleiten lassen, so würde man die Wirkung vernichten. Ich habe dasselbe fast immer
578 1704 6458 1887 zu langsam gehört. — In der Regel versteht man unter allegro jetzt ein nochmal so schnelles
600 1828 6443 2004 Tempo, als zur Zeit Mozarts und M. u. J. Haydns. Die Violinfiguren ihrer Werke müßten ge¬
592 1989 6473 2187 hudelt werden, ja sie wären nicht spielbar bei zu raschem Tempo. Das Tempo sei so, daß die
600 2150 6451 2384 Sänger bequem athmen, die Geiger deutlich sein können. Somit gibt die Art der Melodiebildung,
592 2304 5822 2509 der Figuren, selbst die Zeit, in der ein Werk entstanden ist, Aufschluß über das Tempo.
1031 2384 6458 2655 Trotzdem werden alle diese Mittel nur bei einem mit richtigem Tongefühl begabten Dirigenten
3840 2618 6429 2838 - nur der Geist, der in den Geist des pro¬
592 2596 3642 2787 wahrhaft nutzbringend sein, und „spiritus vivificat“
585 2757 5558 2933 duzirt habenden Künstlers reproduzirend eindringt, kann überall das Richtige finden.
1039 2874 6458 3116 Was aber den Metronom angeht, so erlaube ich mir das von Fr. Witt in seiner Musica
607 3050 6473 3269 sacra (III. p. 47) Gesagte herzusetzen. Er sagt: „Ueber die Missa II. von Hasler schreibt die von
607 3203 6473 3394 Dr. O. Paul redigirte „Musikal. Wochenschrift“: „Der allgemeine deutsche Cäcilien=Verein hat die
607 3379 6473 3620 im Originale als 2. bezeichnete Messe Johann Leo Hasler's als Vereinsgabe für 1869 durch Franz
592 3533 6451 3708 Witt ediren lassen. Der Componist konnte kaum von einem Würdigeren den Dank erhalten. Mit
600 3686 6451 3876 Ausnahme einiger metronomischen Angaben wie z. B. im Gloria, bringen wir der ganzen Heraus¬
622 3825 6451 4052 gabe unser Einverständniß, ja stellenweise Bewunderung entgegen. Nur wer sich derlei Arbeiten un¬
614 3993 6458 4198 terzogen, kann die Schwierigkeiten taxiren, welche es verursacht, derartige Sachen aus den sogar der
629 4154 6473 4396 Taktstriche baaren Manuskripten des 16. Jahrhunderts in eine den an Sangbarkeit etc. gestellten
607 4352 5434 4527 grossen Ansprüchen unserer verwöhnten Zeit genügende Partitur zu transponiren.
1002 4439 6465 4652 „Ich erlaube mir, bei dieser Gelegenheit ein Geständniß zu machen, das ich schon lange auf
607 4586 6458 4783 dem Herzen habe. Sobald ich daran gehe, meine eigenen Compositionen zu metronomisiren, gerathe
614 4739 6473 4937 ich in große Schwierigkeiten. Der Takt, den mir der Metronom vorschlägt, wirkt so auf meine
614 4915 6465 5098 Nerven, daß ich eine Numer hinschreibe, die vielleicht nicht das von mir gewollte Tempo bezeichnet,
629 5061 6436 5259 mit anderen Worten: der Metronom führt mich in Bezug auf das Tempo meiner eigenen Compo¬
636 5215 6451 5419 sitionen irre. Wenn ich mir auch klar bewußt bin und wohl sein muß, in welchem Tempo ich meine
607 5368 6465 5580 eigenen Compositionen zu dirigiren habe, um den von mir gewollten Effekt zu erreichen, so verliere
629 5529 6473 5719 ich öfters das richtige Gefühl dafür, wenn ich den Metronom höre. Fast leichter kommt es mir
629 5675 6473 5866 vor, fremde Werke zu metronomisiren. Daraus folgt, daß meine matronomischen Angaben nur bei¬
607 5829 6465 6012 läufig richtig sind. Man hat mir schon öfters gesagt, ich wolle mein Te Deum, die Lucien=Messe
636 5990 6465 6187 eigentlich viel schneller, als ich angegeben habe. Es kommt mir da eine Bemerkung R. Wagner's in
636 6122 6480 6319 den Sinn: „Bei Seb. Bach finden wir das Tempo allermeistens geradewegs gar nicht bezeichnet,
636 6275 6465 6487 was im ächt musikalischen Sinne das allerrichtigste ist. Dieser nämlich sagte sich etwa: wer mein
658 6436 6465 6641 Thema, meine Figuration nicht versteht, deren Charakter und Ausdruck nicht herausfühlt, was soll
636 6582 6443 6773 dem noch solch eine italienische Tempobezeichnung sagen? — Um aus meiner allereigensten Erfahr¬
636 6751 6458 6941 ung zu sprechen, führe ich an, daß ich meine auf den Theatern gegebenen früheren Opern mit recht
622 6890 6451 7065 beredter Tempo=Angabe ausstattete, und diese noch durch den Metronom (wie ich vermeinte) unfehl¬
622 7050 6451 7292 bar genau fixirte. Woher ich nun von einem albernen Tempo in einer Aufführung z. B. meines
636 7211 6443 7402 „Tannhäuser“ hörte, vertheidigte man sich gegen meine Recrimination jedesmal damit, auf das Ge¬
607 7343 6465 7562 wissenhafteste meiner Metronom=Angabe gefolgt zu sein. Ich erfah hieraus, wie unsicher es mit
629 7511 6458 7701 der Mathematik in der Musik stehen müsse, und ließ fortan nicht nur den Metronomen aus, son¬
622 7643 6465 7862 dern begnügte mich auch für Angebung der Hauptzeitmaaße mit sehr allgemeinen Bezeichnungen,
622 7848 6480 8016 meine Sorgfalt einzig den Modifikationen dieser Zeitmaaße zuwendend, da von diesen unsere
622 7972 6451 8169 Dirigenten so gut wie gar Nichts wissen. Diese Allgemeinheit der Bezeichnung hat nun, wie ich
614 8126 6465 8301 erfahren habe, die Dirigenten neuerdings wieder verdrossen und confus gemacht, besonders da sie
607 8272 6465 8455 deutsch ausgeführt sind, und nun die Herren, an die alten italienischen Schablonen gewöhnt, darüber
614 8433 6473 8594 irre werden, was ich z. B. unter „Mäßig“ verstehe. Diese Beschwerde kam mir neuerdings aus der
614 8579 6465 8747 Sphäre eines Kapellmeisters zu, welchem ich kürzlich es zu verdanken hatte, daß die Musik meines
622 8740 6436 8937 „Rheingold“, die zuvor unter einem von mir angeleiteten Dirigenten (wahrscheinlich Hans Richter?)
607 8886 6458 9047 bei den Proben 2½ Stunden ausfüllte, in den Aufführungen (unter Wüllner?) laut Bericht der
600 9025 6451 9259 A. Allg. Z. sich auf 3 Stunden ausdehnte. Aehnlich meldete man mir einst zur Charakterisirung
592 9230 6451 9442 einer Aufführung meines „Tannhäuser“, daß die Ouverture, welche unter meiner Leitung in Dres¬
592 9354 6451 9515 den 12 Minuten gedauert hatte, hier 20 Minuten währte. Hier ist allerdings von den eigentlichen
