6778 10601
492 529 727 778 26
492 808 6330 1058 Stümpern die Rede, welche namentlich vor dem Alla breve-Takte eine ungemeine Scheu haben, und
470 1035 6301 1226 dafür stets sich an 4 korrekte normal=Viertelschläge per Takt halten, um an ihnen immer das Be¬
470 1182 6301 1373 wußtsein sich wach zu erhalten, daß sie wirklich dirigiren und für Etwas da sind. Wie diese Vier¬
485 1351 6330 1557 füßler aus der Dorfkirche sich namentlich auch in unsere Operntheater verlaufen haben, mag Gott
455 1520 3738 1718 wissen: Dort müßten sie sich, etwa bei einem richtigen
2923 1667 3745 1983 drideldideldi
2343 1652 2820 1953 „Ewig
2409 1895 3760 2188 Selig — drideldideldi
2409 2122 4325 2453 Ewig selig — drideldeldideldi“.
470 2262 1858 2607 viel besser ausnehmen."
1931 2269 2974 2600 So R. Wagner.
859 2438 6323 2747 „Ich bekenne mich zu derselben Ansicht, daß das Metronomisiren nichts hilft, so lange ein
470 2614 6308 2879 Dirigent das Stück nicht faßt. Ich habe darum in meinen ersten Werken gar kein Tempo bezeichnet.
470 2835 6301 3033 Aber das Drängen Anderer veranlaßte mich dazu; doch sind sie jetzt noch meist verhältnißmäßig
441 3004 6308 3172 wenig mit Tempobestimmungen versehen. Zum ersten Male gab ich mir eigentliche Mühe bei der
463 3128 6294 3319 Missa II. von Hasler. Aber die Vorrede bezeugt es, „die Vortragsbestimmungen, wie ich sie gege¬
470 3290 6301 3466 ben, reichen selbstverständlich nicht aus; ja es ist unmöglich, sie alle anzugeben.“ Nahmen wir
463 3452 6294 3635 den Schluß des „propter magnam gloriam tuam“ (Gloria); wie will ich das ausdrücken, daß das
455 3635 6286 3826 tuam langsamer genommen werden muß; ich müßte über diese 2 Noten rit. setzen und beim „Do¬
448 3745 6264 3936 mine“ gleich wieder Tempo I. schreiben. Das drückt aber weder das Gewollte nicht vollständig aus
455 3914 6294 4105 das tuam werde betont, das am etwas gehalten, dann geathmet und st. eingesetzt. Das steht nun
455 4083 6294 4267 allerdings so dort; aber —. Wenn mir je ein Werk wahrhaft genial erschienen und aus der Seele
448 4215 6286 4384 gesprochen ist, so ist es Wagner's neueste Abhandlung über das Dirigiren, die ich dieser Tage er¬
470 4377 6301 4590 hielt. Meine Bemerkung zur Hasler=Messe (Benedictus), mein Aufsatz in den Fl. Bl. V. p. 21
441 4546 4884 4737 und so viele Notizen in den früheren Jahrgängen weisen auf dieselben hin.
845 4612 6294 4891 „In Bezug auf das Metronomisiren will ich aber doch hie und da eine Ausnahme gemacht
441 4737 6286 5023 wissen. Als einmal Jemand mit meinen 2c. Sängern eine Oster=Cantate von Tottmann aufführen
433 5001 6286 5185 wollte, der nicht im Stande war, das Tempo eines Stückes zu bestimmen, daß er nicht schon gehört
433 5133 6286 5332 hatte, übernahm ich das Einstudiren. Als ich die Partitur flüchtig durchsah, war es denn doch die
441 5265 6272 5471 Metronomisirung, die mir den ersten Fingerzeig gab, wie der Componist das Stück gedacht habe.
433 5442 6272 5640 Ich war augenblicklich im Reinen, als ich nur diesen Fingerzeig hatte. Ich glaube also, daß das
433 5596 6286 5787 Metronomisiren gut sei, daß es aber geistlosen Dirigenten Nichts hilft, talentvollen aber doch recht
433 5735 6264 5934 nützliche Fingerzeige gibt, um in den Geist des Stückes einzudringen, von diesen aber auch nicht
463 5897 6264 6081 sklavisch wird beobachtet werden; es ist ein Hilfsmittel zur Auffassung, aber nicht zur Ausführung.
441 6051 6272 6264 Wer den Geist des Stückes nicht faßt, saßt auch die Tempobestimmung nie richtig. Man muß also
433 6191 5802 6382 die metronomischen Bestimmungen im Allgemeinen nehmen, wie der Teufel die Menschen.
815 6264 6264 6580 „Was nun aber die Schwierigkeiten angeht, von der die musikal. Wochenschrift spricht, die
433 6521 6264 6720 alten Tonstücke auszuschreiben, so sind sie nicht so bedeutend, so lange es sich um’s Ausschreinen
426 6661 6264 6896 allein handelt. Soll man aber an die Transposition, Einzeichnen von 4 und 3, dynamischen Zeichen,
426 6815 6257 6991 an die Metronomisirung gehen, dann entstehen freilich gewaltige Schwierigkeiten. In Bezug auf
419 6947 5772 7190 diese unterscheidet sich meine Edition der Hasler=Messe von der Mus. div. ganz wesentlich.
808 7065 6272 7314 „R. Wagner kommt (nebenbei gesagt) auf die Ansicht Mendelssohn's zu sprechen: daß das zu
411 7263 6264 7447 langsame Tempo am meisten schade und er dagegen immer empfehle, etwas lieber zu schnell zu neh¬
426 7447 6264 7623 men. Wagner knüpft daran mit Recht die bittersten beißendsten Bemerkungen über die Folgen dieses
426 7571 6294 7740 Satzes. Wenn all' die Daten richtig sind, die vorgebracht werden (und ich zweifle nicht daran), ist
433 7726 6103 7917 Mendelssohn's Ruf als Dirigent ersten und höchsten Ranges vernichtet. Aber im Allgemeinen
6132 7733 6294 7931 ist
419 7865 6110 8115 obiger Satz M.'s wahr. Von zwei Uebeln ist Verschleppen das ärgere, Uebereilen dass mindere.
2680 8225 4068 8526 § 4. Die Dynamik.
874 8453 6286 8739 Die Vernachlässigung der kath. Kirchenmusik, die Gleichgiltigkeit der kirchlichen Oberen gegen
404 8673 6294 8842 dieselbe etc. hat zu einer unglaublichen Rohheit und Verwilderung derselben geführt. Alles was hier¬
404 8835 5596 9033 über besagt worden ist und gesagt werden kann, bleibt gegen die Wirklichkeit weit zurück.
867 8915 6294 9202 Nichts aber zeigt mehr die Vernachlässigung der kath. Kirchenchöre, als der Mangel des po¬
389 9143 6294 9356 besonders im Gesange. Die Nüance Piano wirkt geistig und vergeistigend, das Fortissimo wirkte
411 9319 6294 9547 mehr für das Gefühl, für die Nerven. Das piano eines grossen Chores ist eine Schönheit, die
