6872 10587
6250 432 6477 754 27
644 790 6492 1032 durch kein po einer einzelnen Sängerin sich ersetzen läßt. Es gibt manche Dirigenten, welche glauben,
644 1017 6492 1230 wenn man die Alten fein nüancire, so zerstöre man ihren Charakter. Freilich, die extremsten Stärke¬
659 1164 6506 1376 grade ohne Grund blos der Abwechslung und des Effektes halber einzuführen, ist tadelnswerth; alles
673 1303 6528 1508 Grelle muß vermieden werden. Aber die Alten bloß herabsingen oder herabschreien ist noch schlimmer.
651 1464 6514 1705 fordern denn nicht die Worte selbst gebieterisch Nüancen? Auch hierin kann sich Talent und Geist
651 1654 3242 1852 des Dirigenten im glänzendsten Lichte zeigen.
1120 1654 6506 1991 In Nr. 3 der Flieg. Bl. für kath. Kirchenmusik von Witt ist gesagt, die allermeisten Chor¬
637 1961 6499 2137 regenten stünden so tief, daß sie das „Adoramus“ von Wesselack nicht aufzuführen im Stande wären.
666 2108 6521 2269 Die Hauptschwierigkeit liegt offenbar im piano-Halten, im richtigen Betonen, Athmen rc. Woher
637 2218 6484 2437 aber diese Schwierigkeit? Weil der Text nicht verstanden und überlegt wird. Der Text gibt deutlich
4055 2408 6514 2576 Lege ich auf Einen Akkord nach Art der
644 2415 3945 2584 an die Hand, wie das Stück aufgeführt werden muß.
4325 2525 6492 2759 einmal das Grad. am 2. Fastensionn-
666 2569 3784 2781 Falsi bordoni verschiedene Textworte: z. B. auf ###
4325 2686 6484 2913 tage: „Tribulationes cordis mei di¬
3615 2686 3806 2957 2.
4311 2825 6440 3059 latatae sunt, de necessitatibus etc.
4325 2979 6492 3206 „Die Drangsale meines Herzens ha¬
644 3023 6499 3337 ben sich gemehrt; von meinen Nöthen befreie mich,“ so werde ich das vom meinen Sängern anders
644 3293 6499 3535 deklamiren und betonen lassen, als wenn der Graduale=Text des 3. Fastensionntages unterlegt ist:
673 3469 6499 3755 „Exurge Domine etc.“ „Erhebe dich, o Herr, es trotze nicht ein Mensch, vor deinem Angesichte sollen
673 3608 2291 3850 gerichtet werden die Völker.
1127 3645 6492 3974 So sind denn die Falsi bordoni durchaus nicht völlig gleichartig zu nehmen. Abgesehen,
644 3937 6514 4135 daß man z. B. das „Gloria Patri“ sei es choraliter oder mehrstimmig piano intonirt, kann man
644 4062 6477 4267 durch Hervorhebung jener Worte, welche eine liturgische Aktion erfordern wie im „Laudate pueri“,
666 4201 6492 4421 die Worte: „Sit nomen Domini benedictum“, indem man sie z. B. adagio nimmt, oder des
681 4355 6521 4582 „misericors et miserator Dominus“ im „Confitebor“, indem man ihnen einen sanfteren Ausdruck
666 4523 6514 4808 gibt etc. viele Nüancen in dieselben, überhaupt schon in die Art des mehr oder minder scharfen, des
681 4684 2818 4933 schnellen Sprechens der Worte legen.
1120 4728 6499 5050 Ebenso sind in den Litaneien die gleich componirten Strophen nicht auch gleich vorzutragen.
644 4926 6521 5211 Bei der höchst monotonen Litanei in Mettenleiter's Enchiridion p. XVI. ließ ich den Alt anfangs
651 5152 6499 5321 vorsingen, langsam, flehend. Bei „Pater de coelis“ begannen die Tenore, bei Mater Christi Ein
666 5255 6514 5452 Sopranist; bei „Virgo“ sämmtliche Tenore, bei „Speculum“ alle Soprane, bie „Turris“ ein Tenor,
651 5423 6521 5613 bei „Salus“ viel langsamer (der Chor piano respondirend) ein Sophan, bei Regina alle Bässe
673 5613 6506 5804 (schneller). Bei Agnus ein Tenor (langsam, feierlich), zuletzt zwei Alte bei „Christe“. Das letzte
673 5731 6492 5950 Kyrie molto adagio. Dabei schwieg bald die Orgel, bald setzte sie begleitend ein. Der Eindruck ist
681 5899 6199 6133 sicher kein monotoner, wie dieß auch Kothe's Reiseskizzen (Mus. s. II p. 80) von R. bezeugen.
1105 5943 6492 6250 Mit der einfachen 5stimmigen Litanei (im neuesten Litaneienhefte der Mus. div.) von Orlando
644 6192 6506 6389 Lasso (um einen Ton zu erhöhen, wie die von Cornazzano und Mel) haben Schr., W. etc. schon wahre
659 6345 6506 6550 Begeisterung hervorgerufen. Der Schlußsatz pianissimo, adagiosissimo macht einen geradezu über¬
659 6499 6506 6697 wältigenden Eindruck. Die Aufführungen am 7. August und 21. September 1869 sind wohl in
666 6682 6514 6880 mancher fremden Gäste Gedächtniß für Lebenszeit eingegraben. Und wie viel waren der Sänger?
666 6828 6484 6997 3 Sophrane, 2 Alte (Knaben), jeder der beiden Tenore einfach besetzt, 2 Bässe, im Ganzen 9 Sänger
659 6975 6506 7158 ich habe dieselbe Litanei am 3. April 1869 mit 7 Sängern und dem gleichen Erfolge aufgeführt.
673 7143 6506 7348 Die Mittel, selbst die herzergreifendsten, rührendsten Effekte zu erzielen, sind meist ungemein einfach.
834 7275 6506 7487 Welche Wirkung man mit der voranstehenden Litanei aut. ign. machen kann, mögen zwei Kenner,
651 7421 6484 7626 die Herren Kaim und Fr. Schmidt, die am 7. Sept. 1868 bei der Aufführung in St. E. zugegen waren
644 7597 6499 7780 bezeugen. Ich sage das nur, um jenen Chorregenten entgegen zu treten, die über so einfache Com¬
651 7736 6499 7912 positionen mitleidig, wenn nicht verachtungsvoll die Achseln zucken. Freilich geben Mozarts Litaneien
651 7919 6492 8160 dem Verstande mehr zu denken. Aber abgesehen, daß sie liturgisch verfehlt sind, sie haben zu thun,
651 8095 3901 8285 um an Eindruck mit den obigen concurriren zu können.
1112 8146 6521 8402 Aber nicht bloß bei so leicht aufzufassenden Werken gibt der Text die Normen. Wer erkennt
637 8343 6499 8556 nicht, daß Joh. Gabrieli in seinem 8 stimmigen Magnificat (neuestes Vesperheft der Mus. div.) bei
673 8519 6433 8717 „Fecit potentiam rc. der Herr hat Macht geübt mit seinem Arme und die Stolzen zerschmettert,
644 8680 6455 8863 des Textes wegen eine großartige Steigerung (deßhalb sehr scharf zu betonen und accel. zu nehmen
637 8812 6506 9053 anbringt und mit gewaltigen Schlägen abschließt, was jedem die Generalumse verdeutlichet!*) Man
871 8980 6499 9229 Nebenbei gesagt, wer noch zweifelt, ob die Alten den Text charakteristisch aufzufassen im Stande waren, lasse ein¬
929 9192 6492 9419 mal in gelungener Aufführung diese Stelle an sich vorüberstürmen, und höre dann den tiefernsten Einsatz:
959 9331 3535 9551 „mente cordis sui." Eine wunderbare Schönheit!
5548 9353 5738 9705 4*
