6788 10635
425 498 659 761 28
439 820 6295 1083 sehe auch den ersten Zusammentritt aller 8 Stimmen bei omnes gen. alle Geschlechter!" Dieselben
425 1032 5073 1237 Aufschlüsse gibt der Text in Casciolini's „Angelus Domini“ bei „surrexit“ etc.
878 1179 6295 1362 Man kann aber nicht läugnen, daß manche Texte nur Ein Gefühl aussprechen, oder daß sie
417 1325 6303 1515 weniger Anhaltspunkte in Bezug auf Vortrag an die Hand geben. Gehen wir das eben genannte
425 1493 6295 1662 Notett durch. Viele Leser werden sich erinnern, daß Witt mit demselben die durchschlagendsten
432 1654 6288 1815 Effekte erzielte. (vgl. seine Fl. Bl. IV. p. 84, 90 etc.) Welches war der Vortrag? Beide Chöre
417 1808 6288 1976 sangen das „Angelus Domini“ Mfo, mehr erzählend; das  „descendit“ trat schon kräftiger auf; der
432 1954 6295 2145 aufsteigende Baß und Sophia bei accedens sehr cresc. Jeder sieht, daß beim Zusammentritt der
432 2108 6288 2284 8 Stimmen „et super eum sedit“ der Componist abschließt; er war ffö. Das „er dixit mul.“ war
4743 2255 6273 2474 —, wobei das b des
432 2277 4604 2452 ruhig, erzählend; die Worte des Engels „Fürchtet euch nicht" sanft
417 2416 6244 2584 Basses etwas schärfer betont wurde und dadurch zur berechtigten Geltung kam. Von „scio enim
410 2562 6281 2752 an begann nun eine 22 Takte lange Steigerung, die bei „Crucifixum“ schon fo war, dann aber
410 2716 6266 2891 durch Wechsel des Tempo, die in den höchsten Lagen sich bewegenden Stimmen, den Rhythmus das
410 2877 6281 3060 Höchste an Effekt bietet, den die Musik bieten kann. Wie leicht Monotonie zu vermeiden ist, zeigte
439 3030 6288 3213 die Betonung des Venite. „Ubi positus erat“ blieb ruhig (mfo) liegen; Dominus betont. Feier¬
417 3170 6281 3353 lich schloß dieser Satz ritard. Das Alleluja begann = = 108 piano. Erst im 7. Takte begann
425 3345 6259 3484 eine Steigerung. *) Pag. 8 Takt 3—7 waren wieder ruhig gehalten; Steigerlung; dim. Takt 14
432 3477 6281 3667 und 15; piano Takt 16, Steigerung; p. 9 Takt 5 und 6 dim. Vom 9. Takt an flo; v. 10
425 3631 6273 3814 Takt 7—12 marcatissimo jede Silbe. Pag. 11 Takt 5 und 6 rit., Takt 7, 8, 9 adagio ffö.
417 3784 6244 3967 Das darauf folgende Motett (um einen Ton höher intonirt, begann forte; das Gloria (¾ Takt
425 3960 3872 4121 po, ein wenig cresc. Takt 2, Takt 3 ppo. Deo
4165 3938 6266 4165 Wiederholung ebenso; Schluß sehr
410 4099 6281 4290 langsam und breit. Der Vortrag des nächsten Motetts läßt sich mit Worten nicht beschreiben.
425 4238 6251 4429 „Insipientium“ fo, mori sehr stark storzando und Fermate, decrescendo bis ppo; bei der Wieder
403 4421 2928 4604 holung der beiden Worte derselbe Vortrag.
871 4531 6281 4751 Einer der wichtigsten Punkte der Proben ist die Erlernung des rechten po, ppo, mfo. Schon
425 4707 6273 4934 oft ist in Witt's Blättern aufmerksam gemacht worden: „Im po und ppo zeigt sich die Disziplin
410 4890 6273 5080 eines Chores. to singen kann jeder Chor.“ „Man glaubt, „Geschrei sei Gesang½!“ Piano-Halten
417 5043 6266 5248 hängt wesentlich vom richtigen Gebrauche, resp. Sparen des Athens ab. Wenn ein Chor kein
425 5197 6259 5373 eigentliches po und ppo kennt, kannt er auch kein eigentlichen fö und tio, selbst wenn er immer
425 5344 6244 5519 wirklich for. sio. singt. Denn letzteres wird erst wirkungsvoll durch den Gegensatz. Ohne ein wirk¬
417 5497 6266 5666 liches po und ppo gibt das to des Chores nur „viel Geräusch, aber keine Kraft“. Nothwendigkeit
417 5658 6259 5849 des po zeigt bald die Praxis; denn ein Chor ohne solches macht nie packenden Eindruck, während
417 5797 6266 6010 ein im po geschulter Chor die wunderbarsten Effekte hervorbringt. Die Wirkung der Litanei von
417 5958 5973 6200 Orlando Lasso hängt von diesem po und ppo. ab. Wie ist es nun bei den Alten zu halten?
856 6046 6281 6390 Vor allem unterscheide man gleichzeitige und imitirte (fugirte) Sätze. In ersteren hat der
425 6207 5190 6471 Direktor freie Hand. Je nach seinem guten oder schlimmen Geschmacke wird er
5329 6317 5717 6500 1
5819 6310 6259 6529 po, fo,
410 6456 6259 6632 sto. nach Belieben anwenden können. Aber auch hier gibt der Text gute Anhaltspunkte. Dekla¬
425 6610 6251 6786 miren wir einmal pathetisch „ Kyrie eleison“, so wird jeder bis zur 2. Silbe von eleison anwachsen
425 6778 6259 6947 Ich ließ deßwegen immer bei gleichzeitigen (ich betone das nochmals!) Sätzen, also z. B. bei der
425 6925 6273 7078 Litanei von R. de Mel oder Cornazzano das Kyrie bestimmt (ohne cresc. auf dieser langen ersten
425 7071 6237 7247 Silbe) ansingen, die zweite und dritte ruhig sprechen, ohne bloß zu flüstern, dann afhmen, und au
425 7239 6259 7401 eleison ein mehr oder minder starkes cresc. nehmen, je nach dem schnelleren (am Anfange) oder
425 7379 6259 7576 (am Schlusse der Litanei) langsameren Tempo. Bei „Christe (ex) audi nos“ gibt die Deklamation
410 7554 6273 7745 an die Hand, das audi zu betonen. Die Agnus Dei dieser beiden Litaneien setzten po ein, haben
1200 7737 1435 7876 2
410 7686 1142 7884 auf Dei ein
1764 7693 6266 7884 und deklamiren die übrigen Silben mit ruhiger, richtiger Betonung. Die
410 7832 6273 8001 unbeschreiblich herrliche Melodie im „Parce nobis“ (p. 25 der Part.) wächst (man darf den Sepran
410 7986 6259 8184 bei dem hohen Einsatze mit fis schon etwas lauter anfangen lassen, als die andern Stimmen, muß
410 8140 6259 8323 aber sehr darauf sehen, daß der 2. Tenor nicht überlaut wird, was durch die hohe Lage leicht ver¬
410 8301 6259 8491 anlaßt wird) bei ihrer Wiederholung bis man Domine angesungen hat und läßt dann nach. Das
395 8484 6251 8660 Tempo ist sehr langsam. Noch herrlicher fast ist das Agnus p. 35. Das mundi kann man schart
417 8623 6266 8843 cresc. (Solo) nehmen, dann dim. Das cresci. dauert (nicht zu scharf!) bloß bis nobis; das Domine
651 8850 6281 9135 *) Leider sind hier pag. 7 durch Ueberiehen des Herausgebers zwei Takte ausgelassen; nämlich die beiden letzten
717 9084 6259 9252 Takte dieser Seite sind zweimal zu singen. Ein Blick auf die analoge Stelle p. 8 Takt 9—13 sowie eine ge¬
717 9238 6259 9450 naue Vergleichung mit einer authentischen römischen Abschrift, die Herr Dr. Benz gemacht hat, beweist dieß
703 9340 4853 9567 unwiderleglich. Auch dürfte es wohl statt „sed surrexit“ heißen „jam surexit.
