6813 10594
6125 486 6345 795 29
478 780 6360 1045 läßt immer mehr und mehr nach, vollständig perdendosi. — Demnach spielen bei homophonen Sätzen
478 1023 6345 1207 cresc. und decr. eine große Rolle, ja der Wechsel der beiden ist ein unaufhörlicher, gerade der näm¬
486 1163 4490 1406 liche und in so wenig greller Weise wie bei pathetischer Deklamation.
920 1222 6345 1524 Viel schwieriger wird die Sache bei stark imitirten Sätzen. Man wird zwar ein erstes Kyrie
493 1465 6375 1664 (z. B. Missa „Iste Confessor“ von Palestrina, „O quam gloriosum“) immer ruhiger im Tempo
486 1619 6338 1796 und in Stärke halten, als ein zweites. Aber im Großen und Ganzen müssen solche Sätze mehr
478 1774 6235 1973 durch ihr inneres Leben, als durch äußere Dynamik wirken. Wie das Tempo weniger Modifikationen
471 1907 3129 2164 unterworfen sein kann, so auch die Dynamik.
935 2069 6345 2304 Proske sagt von imitirten Sätzen: „Das Leben der Darstellung muß von Innen kommen,
486 2238 6345 2422 d. i. aus dem inneren Verständnisse der musikalischen Rede, des harmonischen Inhaltes richtig und
471 2400 6353 2613 wahrheitsgetreu hervorgehen. Thema, Contrathema, Fülle und Theilung der Stimmen, Deklamation
478 2547 6367 2716 und Accentuation wie sie in der Regel vom Componisten treffend ausgeprägt sind, rhythmische Ab¬
478 2687 6360 2864 wechslung, vor allem Reinheit der Intonation, Festhalten, Binden und Tragen des Tones liegen
501 2856 6353 3033 überall dem Verständnisse ziemlich nahe und sind hinreichende Stützpunkte eines richtigen, wahren und
515 2996 4189 3232 schönen Vortrages älterer Gesänge." (Mus. div. I p. XLIV.
964 3040 6367 3320 Proske räth dann ab, Zeichen (po. fo.) in die Stimmen zu setzen. „Das ganze Gewicht
486 3313 6367 3482 einer lebendigen Vortragsbestimmung liegt auf dem Dirigenten.“ Der Chor soll also so disciplinirt
523 3438 6353 3636 sein, daß er jede Bewegung, den leisesten Händedruck des Dirigenten sieht und versteht. Nichts
486 3614 6360 3798 ist in der Kirchenmusik trostloser, als eine langweilige Fuge oder endlose Imitationen. Wie in ersterer
493 3769 6375 3924 Beziehung die Modernen, so haben in letzterer oft die Alten des Guten zu viel gethan und es be¬
493 3909 6353 4085 darf einer großen Erfahrung und des intensivsten Tongefühles von Seite des Dirigenten richtig aus¬
493 4056 6345 4255 zuwählen, damit nur Compositionen zur Aufführung kommen, die lebenswarm und effektvoll sind.
493 4233 6338 4439 Denn ein Tonstück, noch so schön gearbeitet, das nicht im besten Sinne des Wortes populär und
515 4350 2790 4616 effektvoll ist, paßt nicht für die Kirche.
942 4446 6353 4726 Prof. Birkler sagt (Cæcilia 1864 p. 22): „Die Polyphonie betont, accentuirt, beleuchtet ihre
501 4660 6345 4873 Stellen, aber das Jauchzen und Jammern, das „Hangen und Hangen“ überläßt sie dem heutigen
493 4822 6353 5035 Geschmack und seinen brillanten Darstellungsmitteln. Betonung, Accentuirung, eine gewisse Markirung
471 5006 6353 5175 der Einzelngebilde verträgt sich noch recht wohl mit dem strengen Styl... Belebung seiner ein-
501 5138 6353 5322 zelnen Pulsschläge ist auch ihm eigen, so wahr er ideales Abbild der lebenswarmen Natur
486 5300 6367 5469 ist. Allein zwischen idealer Belebung und Betonung und zwischen schroffer individualisirung, einseitiger
501 5447 4019 5676 stechender fixirung des Einzelnen ist ein großer Unterschied.
935 5565 6360 5793 Witt erzählt dazu, ebenfalls in der „Caecilia“ (1865 p. 22) folgendes Beispiel: „Ich hörte
493 5749 6345 5933 einst vom Regensburger Domchor das 4st. „Sacerdos und Pontifex“ von Andreas Gabrieli (Mus,
493 5896 6360 6073 div. 11 p. 481). Der fugirte Satz wickelte sich gleichmäßig ab; kein Hervortreten einer besonders
478 6044 6360 6220 ergreifenden Stelle. Da kam es zu den Worten: „pastor done in populo.“ Wie leise wurde das
493 6213 6338 6419 zweimal eingesetzt, wie mächtig schwoll es an, um wieder abzunehmen. Das Tempo wurde bedeutend
493 6353 6338 6559 ritardirt, die Schlußnote etwas ausgehalten; ebenso bei den Worten „ora pro nobis Dominum.
486 6500 5742 6677 Das klang herrlich — vielleicht nur bei den akustischen Verhältnissen des hiesigen Domes."
935 6566 6360 6868 Aus diesen Worten ergibt sich, daß man in Regensburg bei homophonen Stellen sehr viel
493 6824 6345 7015 D Waamik anwendet, bei stark imitirten aber nur auf richtiges Betonen des Textes sieht, und das ist
478 6971 2495 7199 das allein Richtige und Erprobte.
935 7030 6353 7310 Deßhalb ist auch die Auswahl der Musikalien eine der wichtigsten Aufgaben des Chorregenten.
493 7243 6338 7464 Er soll wählen, was kunstvoll, liturgisch, populär und effektvoll-erhaben zugleich ist. Es ist deßhalb
478 7420 6360 7604 nicht alles gethan, wenn man polyphone Werke, selbst der alten Meister, produzirt. Auch die Alten
493 7575 6375 7766 haben oft schwächeres geschrieben und eine strenge Sichtung ist bei ihnen so nöthig, wie bei Mozart,
471 7744 6367 7913 M. Hayd'n (dessen Gradualien großentheils angehen), Ett und Aiblinger. Witt sagt in seiner Mus.
478 7891 6367 8083 sacra II p. 44, er halte sich in der Regel an jene Werke der Alten, deren Klangwirkung erprobt
486 8031 4652 8208 ist. So habe er sich noch nie entschließen können, die 4., 5. und 9.
4755 8038 6367 8281 (letztere wahrscheinlich wegen
486 8215 4660 8407 zu wenig, andere wegen zu viel Homophonie) Messe des I. Bandes
4726 8200 6367 8407 der Mus. div. aufzuführen.
478 8340 6360 8561 Er macht dann eine Zusammenstellung der im 2. Bande enthaltenen Motetten nach ihrer Klangwirkung.
611 8532 6367 8708 *) So sagt auch R. Wagner über die bekannte vierthematige Fuge der Jupitersymphonie von Mozart, äber die
464 8620 6367 8848 Finale's der Mozart'schen Es- und der Beethoven'schen Adur-Symphonie: „Hier feiert die rein rhythmische Bewegung
478 8826 6367 8981 gewissermaßen ihre Orgien und daher können auch diese allegro-Sätze nicht bestimmt und schnell genug genommen
471 8951 6353 9106 werden." Von den Ouverturen zu „Figaro“ und „Don Juan“ ist bekannt, daß sie Mozart nicht schnell genug ge¬
493 9062 6375 9224 spielt werden konnten; als er die Musiker durch sein endlich erzwungenes Preslo der Figaro=Ouverture zu derjenigen
486 9172 6345 9341 verzweistungsvollen Wuth gebracht hatte, welche ihnen zu ihrer eigenen Ueberraschung das Gelingen ermöglichte, riet
486 9305 5300 9548 ihnen der Meister ermuthigend zu: „So war's schön! Nun am Abend noch ein wenig schneller!
