6813 10583
468 490 695 805 30
922 798 6344 1068 Ist der Chor sehr schwach besetzt, so nehme man lieber mehr homophone Werke; so hörte ich
454 1068 6337 1237 einst die Missa „Aeterna Christi munera“ von Palestrina von einem sehr schwach besetzten, aber
468 1185 6330 1346 gut geschulten Chore sehr wirksam (bei der günstigen Akustik) aufführen. Stark imitirende Werke
454 1339 6315 1529 brauchen in der Regel einen starken Chor. Nun imitirt zwar auch die eben genannte Messe sehr viel
476 1485 6344 1668 aber so kunstvoll, daß man es kaum bemerkt. — Man wähle nie Werke, denen die Sänger nicht
476 1683 6322 1844 gewachsen sind. So sehr man die Aufgaben höher stellen, so fehr man Abwechslung im Repertoire
468 1778 6322 1968 bieten soll und ich Nichts weniger billigen kann, als das Stehenbleiben bei 8 bis 10 Messen, die
439 1932 6315 2137 man immer repetirt, so darf man Nichts übertreiben. Man wähle Nichts, was den Stimmumfang
454 2078 6322 2268 der Sänger überschreitet. Bei Knabenthören ist es absolut zu tadeln, wenn sie über 8 hinaus sollen.
461 2232 3161 2429 Man transponire da um einen Ton abwärts.
893 2371 6315 2561 Zum Schlusse dieses §. noch ein Beispiel. Ich habe öfter die kön. Hofkapelle in München
461 2576 6315 2744 unter Bülow gehört. Als dieser fort war, erkannte ich bald, daß er keinen ebenbürtigen Nachfolger
454 2715 6315 2898 erhalten. So war die Aufführung der „Curyanthe“ am 9. Januar 1870 so wenig durchgeistigt,
454 2839 6278 3029 das Orchester spielte so roh, daß z. B. die Romanze Adolar's, „Unter blühenden Mandelbäumen“
461 2993 6293 3198 gänzlich verloren ging, selbst Vogl's kräftige Stimme konnte nicht durchdringen. Das Piano war
446 3168 6300 3417 dahin. Der Dirigent (dessen Namen ich zur Stunde noch nicht weiß) machte mit den Armen so
446 3300 3769 3571 kräftige Schläge, daß er in's Schleppen gerathen mußte.
754 3593 6015 3915 §. 5. Die äußere Haltung des Dirigenten und sein Platz auf dem Chore.
900 3886 6293 4098 Louis Spohr befand sich in den Jahren 1813 bis 1815 als Capellmeister am Palffy'schen
446 4098 6293 4266 Theater zu Wien und war mit Beethoven befreundet und viel zusammen. In dieser Zeit (so er¬
461 4244 6286 4456 zählt Spohr in seiner Selbstbiographie) wurde Beethovens Fidelio, der 1805 unter ungünstigen
446 4376 6293 4566 Verhältnissen, während der Besetzung Wiens durch die Franzosen, einen sehr geringen Erfolg gehabt
439 4544 6286 4749 hatte, wieder hervorgesucht und im Kärnthnerthor-Theater in Schene gesetzt, machte umgearbeitet
454 4712 6278 4903 grosses Glück und erlebte eine lange Reihe zahlreich besuchter Aufführungen. Diesen günstigen Augen¬
446 4866 6293 5049 blick benutzten seine Freunde, um für ihn, der in mißlicher Geldlage sich befand, ein Concert im
454 4998 6271 5195 grossen Redoutensaale zu veranstalten, in welchem die neuesten Compositionen Beethoven's zur Auf¬
476 5152 6264 5327 führung kommen sollten. Spohr wirkte mit und ich sah Beethoven zum erstenmale dirigiren. (Nie
446 5283 3512 5488 derrhein. Musikzeitung 1860. (8. Jahrg.) p. 303.
900 5430 6278 5642 Obwohl mir schon viel davon erzählt war, so überraschte es mich doch in hohem Grade.
432 5547 6278 5810 Beethoven hatte sich angewöhnt dem Orchester die Ausdruckzeichen durch allerlei sonderbare Körper¬
446 5766 6271 5949 bewegungen anzudeuten. So oft ein Storzando vorkam, riß er beide Arme, die er vorher auf der
446 5905 6278 6095 Brust kreuzte, mit Vehemenz auseinander. Bei dem piano bückte er sich nieder, und um so tiefer,
461 6059 6278 6264 je schwächer er es wollte. Trat dann ein Crescendo ein, so richtete er sich nach und nach wieder
439 6235 6271 6447 auf und sprang beim Eintritte des Forte hoch in die Höhe. Auch schrie er manchmal, um das
446 6359 6264 6556 Forte noch zu verstärken, mit hinein, ohne es zu wissen. Daß der arme taube Meister die Piano
446 6520 6271 6696 seiner Musik nicht mehr hören konnte, sah man ganz deutlich. Besonders auffallend war es aber
446 6681 6293 6893 bei einer Stelle im zweiten Theile des 1. allegro der Symphonie. Es folgen sich da zwei Halte
439 6835 6256 7039 gleich nacheinander, von denen der zweite pianissimo ist. Diesen hatte Beethoven wahrscheinlich über¬
454 6988 6271 7178 sehen, denn er fing schon wieder zu taktiren an, als das Orchester noch nicht einmal diesen zweiten
439 7142 6256 7318 Halt eingesetzt hatte. Er war daher, ohne es zu wissen, dem Orchester bereits 10—12 Takte vor¬
432 7274 6278 7478 ausgeeilt, als dieses nun auch, und zwar pianissimo begann. Beethoven, um dieses nach seiner
410 7442 6264 7610 Weise anzudeuten, hatte sich ganz unter dem Pulte verkrochen. Bei dem nun folgenden crescendo
424 7603 6271 7786 wurde er wieder sichtbar, hob sich immer mehr und sprang hoch in die Höhe, als der Moment ein¬
424 7764 6271 7954 trat, wo seiner Rechnung nach das Forte beginnen sollte. Da dieses ausblieb, sah er sich erschrocken
410 7903 6278 8144 um, starrte das Orchester verwundert an, daß es noch immer pianissimo spielte und fand sich erst
424 8027 5437 8269 wieder zurecht, als das längst erwartete forte endlich eintrat und ihm hörbar wurde.
900 8188 6278 8379 So L. Spohr. Seine Erzählung soll nur als Illustration zu der Regel dienen: Der Diri¬
417 8349 6271 8554 gent soll sich aller ungewöhnlichen übertriebenen Gesten enthalten. Es ist erklärlich, daß er beim po
417 8532 6264 8701 und ppo ruhiger taktirt, daß er beim f.o weiter ausschlägt, das er heim sso auch dem Taktstock einen
424 8664 6278 8854 Druck gibt; es ist erklärlich, daß seine Mienen ein Spiegel der ihn umtönenden Klangwelt, also
424 8818 6271 9008 beim po anders als beim fö 2c. sich zeigen — das ist natürlich, und was natürich ist, kann nicht
417 8949 6264 9125 auffallen. Um ein triviales Wort zu gebrauchen, es geht den Dirigenten wie den Kegelschiebern
439 9110 6286 9315 Es ist beiden unmöglich, wie leblose Statuen den Wirkungen ihrer Thätigkeit zuzusehen ohne Gestern
651 9279 6278 9542 ja noch mehr — ohne Leidenschaft im besten Sinne der Worte. Ein Dirigent, dessen Augen
