6792 10653
6170 544 6390 765 31
522 794 6398 1044 und Mienen beim Dirigiren nicht zürnen können, daß alle Mitwirkenden Schrecken befällt, dessen
529 1030 6405 1184 Worte nicht einschneiden, daß jedem selbst ein Versehen sehr unangenehm ist, in dessen Mienen und
507 1162 6390 1368 Handbewegung nicht der gewollte Ausdruck sich manifestirt, ein Dirigent ohne Gestern, ohne Leidenschaft
522 1316 6376 1493 ist kein Dirigent, sondern ein Automat, ein lebendiger Metronom und so wenig sein Gesicht Aus¬
515 1485 6390 1669 druck zeigt, so wenig wird das von ihm dirigirte Musikstück Ausdruck erhalten14) Aber est modus in
507 1669 6383 1838 rebus sunt certi denique fines. Uebertreibung führt zur Lächerlichkeit, stört die Sänger, macht un¬
515 1787 6398 1971 fähig zur Beherrschung der Massen, hindert den richtigen Ausdruck, weil er den übertriebenen för¬
912 1934 6398 2118 Wie der Dirigent, so sein Chor. Ein steifer Dirigent wird einen steifen Chor haben. Unter
507 1941 809 2111 dert.
500 2096 6390 2258 todter Direktion wird Alles todt. Aber ein übertriebener Dirigent wird auch die Musikeffekte über¬
500 2236 3677 2405 treiben und darum Alles mehr oder minder verderben.
941 2361 6376 2581 Zu einem Dirigenten gehört also vor Allem Selbstbeherrschung in nicht geringem Masse und
493 2500 6376 2787 ihm ist, wenn er einen bedeutenden äußeren Fehler sich angewöhnt hat, ein Freund nöthig, der ihn
500 2691 1596 2942 aufmerksam macht.
956 2853 6390 3044 Bei der Beethovenfeier zu Weimar (26.—29. Mai 1870) dirigirte Franz Liszt Beethoren's
500 2971 6376 3199 9. Symphonie. H. Uhde schreibt darüber: Franz Liszt stand auf dem Dirigentenplatze, wie immer
500 3162 6398 3353 im langen schwarzen Gewande, die Züge von Freude durchglüht, offenbar glücklich, den großen Todten
500 3331 6376 3508 zu feiern. Die Aufführung war voll Glanz und Kraft, Liszt's Energie und Geist war es, der Alle
500 3464 6398 3655 durchdrang, Alle mit Feuereifer beseelte. Aber wie dirigirt er auch! Weit entfernt vom gleichmäßigen
500 3603 6361 3809 Schwingen seines Taktstockes, deutet er in Geberden und Gesten auf einzige Art den Geist des Ton¬
478 3787 6376 3964 werkes an. Jeden frappanten Einsatz irgend eines Instrumentes markirt er scharf, oft durch leises
493 3927 6376 4096 Aufstampfen mit dem Fuße; bei Motiven von sangbarem Charakter schwebt die feine weiße Hand
471 4089 6368 4273 in langen und langsamen Linien durch die Luft, saust aber plötzlich, zur Faust geballt, nieder, wenn
478 4243 6368 4412 ein einschneidender Accord einfällt. Bei bewegten Rhythmen geht der Taktstock im Tempo oft mit
500 4390 6361 4574 jedem Sechzehntel mit, wenn er ihn nicht gerade aus der Hand gelegt hat, was sehr häufig der Fall
485 4552 6361 4728 ist. Geht es zum Schlusse in sich steigernden, breiten Accorden, so erhebt er beide Arme und breitet
493 4684 6368 4853 die Hände weit aus; tritt ein piano ein, so scheint die ganze Gestalt zusammenzusinken, während
500 4831 6376 5015 sie umgekehrt riesig wächst, wenn ein Crescendo eintreten soll; Liszt erhebt sich dann oft auf die
478 4971 6354 5162 Zehen so hoch er kann und recht die Arme über den Kopf. Die Partitur brauchte für ihn gar nicht
485 5148 6361 5354 da zu sein; er sieht sie kaum an, blickt überhaupt bei Momenten, welche sich von selber machen, wie
478 5302 6361 5471 z. B. ein länger andauerndes Thema in langsamem Tempo und leichter Tactart, sinnend vor sich
478 5464 6346 5626 nieder, bewegt kein Glied und kreuzt die Arme über dem Rücken. Dann ist er ganz Ohr, sich voll
478 5633 6361 5802 erfreuend an dem majestätisch daherrauschenden Strome der Melodieen, bis er dann plötzlich wieder
471 5765 6346 5927 emporschnellt, um kühn und energievoll einzugreifen. Das ist originell, und Mancher mag es barock
485 5912 6332 6104 finden; aber man muß es beobachtet haben, wie der Geist, der diesen Dirigenten beseelt, jedwedes
485 6052 6346 6273 Instrument hinreißt! Ein belebender, frischer Quell der Anregung geht, wie von jeder bedeutenden
500 6214 2684 6457 Persönlichkeit, so auch von dieser aus.
919 6280 6332 6552 Als ich meinen Chor übernahm, suchte ich aus meinen Sängern öfters herauszulocken, was
456 6508 6332 6714 ich „für Gesichter schnitte beim Dirigiren“, konnte aber nichts herausbringen als: „Wir alle hatten
463 6699 6339 6861 geglaubt, Sie würden viel wilder dareinschlagen (ich taktirte nämlich äußerst ruhig; meist nur mit dem
478 6839 6317 7038 Handgelenke, nicht mit dem Arme, und meine Sänger hatten geglaubt, ein guter Direktor sein und
456 6979 6332 7148 recht wild dreinschlagen sei ein und dasselbe), und „wenn nur ein Fehler gemacht wird, so zittere
449 7126 6332 7317 ich schon, wenn es auch ich nicht gewesen bin." Wie manchmal ließ ich den Taktstock sinken und
456 7280 6332 7449 unterließ das Taktiren, um den höchsten Grad meiner Unzufriedenheit anzudeuten, und wie bot man
456 7420 6310 7618 dann Alles auf, um mich zufrieden zu stellen! Wie oft, ja ich darf sagen immer, richteten sich
456 7582 6332 7788 aller Augen nach einem Gloria, Credo auf mich, um aus meinem Gesichtsausdrucke Lob oder Tadel
463 7721 1265 7986 herauszulesen!
890 7817 6324 8074 Ich habe schon gesagt, die äußere Haltung des Dirigenten könne einen schlimmen Einfluß
449 8038 6332 8236 haben auf die Aufführung. Dieses ist aber entscheidend dann der Fall, wenn ein Dirigent den
463 8199 6339 8383 Arm zu viel gebraucht und seinen Direktionsstab einen zu großen Raum durch¬
463 8347 6324 8567 laufen läßt, d. h. zu weit ausschwingt. Das macht schwerfällig. Ist nun das Tempo
596 8648 6324 8839 *) O. Jahn sagt (I. p. 528): „Man kann denken, daß Mozart zu thun hatte, dem altgewohnten Treiben der
765 8802 6324 8964 Salzburger Kapelle gegenüber die neuen Anforderungen an eine ganz andere Vortragsweise durchzusetzen. Die
750 8942 6302 9097 Lebhaftigkeit, mit welcher er das etwas eingeröstete Leipziger Orchester in Bewegung zu bringen verstand, machte
750 9052 6302 9192 dort großen Eindruck; wie mag er als junger Mann seinen Salzburgern gegenüber aufgetreten sein! Das
750 9177 6302 9354 Bäsle pflegte sich später über die excentrische Lebendigkeit Mozart's beim Dirigiren aufzuhalten, es läßt sich be¬
750 9310 4603 9545 greifen, daß sie damals in Salzburg eigenthümliche Orchesterscenen erlebt hat.
