6792 10625
433 448 668 756 32
418 800 6287 1042 vom Componisten ohnehin schwerfällig angezeigt, so mag es noch angehen. Aber jeder solche Dirigent
426 968 6287 1159 ist unfähig, ein wirkliches allegro zu dirigiren, er wird, wenn er auch anfangs richtig taktirt hat,
411 1137 6287 1328 von Takt zu Takt schleppender werden. Das zu weite Ausschwingen mit dem Taktstock ist ein so
426 1284 6287 1453 wesentlicher Fehler, daß man sich von einem mit demselben behafteten Dirigenten keine gute, ge¬
440 1438 6272 1621 schweige eine vollendete Leistung erwarten darf. Ich habe einst einem solchen zugesehen bei der Auf¬
448 1592 6309 1790 führung der „Schöpfung“ von Haydn; es war ein Mann von fast riesiger Größe und Kraft und
418 1783 6302 1959 von entsprechender Korpulenz; sein Taktschlagen schien ein Dreinfuchteln in offener Feldschlacht zu
433 1900 6295 2083 sein; aber er war nicht im Stande, seine Arme in dem großen Kreise, den er beschrieb, so schnell
433 2032 6295 2238 herumzukriegen, als es nöthig gewesen wäre; er verschleppte alle „Vivace“. Zum Glück dirigirt er
411 2201 6295 2428 meist Händel'sche Oratorien, und deren Tempi sind gegen die neueren Werke meist sehr gemessen.
411 2348 4915 2582 Letztere gut zu dirigiren, wäre er durch den Gebrauch seiner Arme unfähig.
895 2509 6295 2729 In der Tonhalle (1870 p. M) heißt es: „Der größte Theil der Musikdirigenten ergeht
433 2656 6295 2846 sich bei Musikaufführungen in übertrieben lebhaften Bewegungen. Manche arbeiten nicht nur mit
411 2795 6295 2993 den Händen und Armen, sondern auch der Kopf wackelt den Takt mit und der ganze Oberkörper
433 2964 6272 3155 schwankt hin und her wie ein Baum im Sturme. Wir haben Kapellmeister gesehen, die im gewöhn
411 3118 6272 3309 lichen Verkehr sich nie aus dem Gleichmaße der Ruhe bringen ließen, aber sobald sie das Dirigenten¬
426 3279 6287 3463 dium betraten, hampelmannartig wütheten. Diese Ausschreitungen sind aber sehr oft nicht nur bis zu
418 3426 6280 3617 einem gewissen Grade üble Angewohnheiten, sondern beruhen mehr auf einem ggewissen Selbstver¬
411 3558 6295 3771 gessen. Die Begeisterung für die Musik erwacht in ihnen dergestalt, daß ihr ganzes Wesen davon
403 3741 6265 3932 ergriffen wird und sie darüber das Steuer ihrer Körperbewegungen verlieren. Liszt erfand in dieser
403 3888 6228 4094 Beziehung zwar das bekannte Wort: „Der Dirigent soll Steuermann sein, aber nicht Ruderknecht“
418 4057 6302 4233 er selbst dirigirte oft wild bewegt, während er anderseits Stellen, die er als den Musikern bekannt
389 4182 6272 4380 voraussetzte, ohne jeden Taktschlag ließ. Einen der musterhaftesten Dirigenten besaß Deutschland
403 4350 6272 4504 in Felix Mendelssohn, der niemals die linke Hand beim Dirigiren erhoben hat. Berlioz benahm
426 4497 6302 4681 sich in den Proben wie ein Wütherich, bei der Aufführung wie sein Weiser, und allerdings liegt,
403 4651 6287 4849 wie Hanslick bei einer Besprechung der Herbeck'schen directionsmanier bemerkt, die Hauptarbeit des
403 4783 6265 4981 Kapellmeisters in den Proben, während bei den Aufführungen selbst alles Materielle möglichst abge¬
418 4945 6258 5150 streift sein muß. Der Dirigent soll das Ohr befriedigen, ohne das Auge zu verletzen. Er soll sich
403 5143 6287 5304 obwohl als „Steuermann“ eine Hauptperson, nicht für die Augen des Hörers zu einer solchen machen
403 5267 6280 5451 und dessen Aufmerksamkeit vom Musikwerke, oder gar von der Operndarstellung ab und auf sich
411 5392 6280 5598 lenken. Dies thut z. B. Herbeck, sonst ein so tüchtiger, einer der besten deutschen Dirigenten. Sein
403 5598 6272 5759 Taktschlag ist fast ohne Ausnahme heroisch, so daß das dramatische Bild durch die Bewegungen des
396 5737 6280 5913 Kapellmeisters häufig durchkreuzt wird. Im neuen wiener Opernhause ist das Niveau des Orchesters
418 5869 6280 6067 schon auffallend hoch, und in diesem wieder das Pêdium des Kapellmeisters. Indem Herbeck nicht
403 6052 6272 6228 wie seine Collegen sitzend, sondern stehend dirigirt, erscheint seine Gestalt noch höher und seine Halt¬
403 6199 6265 6383 ung viel bewegter. Feurig wie er ist, tactirt Herbeck fast immer mit beiden, über die Kopfhöhe aus¬
418 6324 6287 6522 gestreckten Armen, so daß, vom Parquet aus gesehen, sein Taktstab den Sängern bis an die Brust
418 6471 6250 6669 reicht. Der auf die Bühne gerichtete Blick des Zuschauers wird dadurch unausgesetzt ins Mitleid ge¬
418 6654 6258 6830 zogen. Dreht sich obendrein der Dirigent bei offener Scene um und dirigirt (wie Herbeck häufig
403 6823 6265 6991 thut) gegen das Publikum gewendet, so erblickt in ihm der Zuschauer fast mehr einen Theil der
403 6940 6265 7123 Bühne als des Orchesters. Diese Bemerkung trifft nun aber ebenso sehr den Baumeister des Opern¬
403 7101 6265 7292 hauses wie den Dirigenten. Letzterer ist und soll für seine Musiker da sein und es ist ganz folge¬
411 7248 6280 7439 recht, daß er sich in gehobenen oder besonders schwierigen Momenten gegen sie wendet. Wenn es
411 7380 6272 7578 dabei den Anschein gewinnt, als dirigire er gegen das Publikum, so liegt das an der Construktion
403 7549 6265 7740 des Orchesterpodiums. Wagner hat vollständig Recht, wenn er verlangt, daß man bei neuen Opern¬
411 7703 6280 7886 hauseinrichtungen eine Constitution erfinde, bei welcher der Musiker gar nicht sichtbar wird. Dann
440 7864 6287 8048 sind Störungen durch unschöne Kapellmeisterbewegungen vermieden. Daß Dirigenten allzulebhaft
403 8026 6265 8195 tactiren, wird sich nie ganz aufheben lassen. Es hängt dies zu fest mit der individualität zu¬
426 8173 6287 8356 sammen." Dasselbe gilt vom Kirchenmusik=Direktor. Ich bin nicht dafür, die Chöre mit Cittern zu
403 8327 6272 8495 versehen und die Sänger dann so zu stellen, daß sie gleichsam durch die Löcher der Gitter singen
403 8473 6265 8679 müssen, weil es doch wohl meistens den Ton dämpft. Ist der Chor, das Podium breit, so kann
403 8635 6280 8818 man die Sänger so tief zurückstellen, d. h. von der Brüstung des Chores, daß sie ohnehin nicht
440 8796 6280 8980 sichtbar sind, außer von weiterer Entfernung. Man soll aber lieber die Sänger sichtbar sein lassen,
403 8928 6272 9126 als daß man sie zu niedrig stellt. Die Sänger und Musiker müssen amphitheatralisch
418 9082 6280 9324 so aufgestellt sein, daß sie alle den Kopf auf den Direktor hinwenden. Auf einem
426 9236 2223 9500 Chore standen die Sänger so:
