6823 10594
3135 740 3640 1025 Direktor
2314 1033 2607 1252 Alte
4248 1040 4790 1282 Soprane
2651 1348 3098 1575 o 0
3772 1340 4131 1582 0
3720 1597 4167 1838 Leuore
2666 1545 3025 1838 2o
461 1780 6320 1985 Der Direktor wendete dem Hochaltare den Rücken und damit das nicht zu auffallend war, war vor
476 1963 6328 2139 ihm ein holzernes Kästchen von ca. 2' Breite, 2' Höhe, 1½/2 Tiefe aufgebaut, in und auf welches,
469 2109 6335 2270 da es zugleich die Form eines Pultes hatte, man Bücher, Musikalien legen konnte und das den
469 2256 6357 2446 Rücken des Direktors, dessen untere Körpertheile durch die Brüstung gedeckt waren, verdeckte. Er
461 2424 6313 2637 wurde nur sichtbar, wenn er seinen Platz verließ oder Wenn er den Taktstock ober das Haupt erhob,
461 2600 6335 2761 was eben höchstens ausnahmsweise der Fall sein soll. Ein Pult des Sepranes stand rechts, ein
476 2724 6350 2893 Pult des Altes links von ihm, alle übrigen Pulte standen, indem sie in schrägen Linien seiner Brust
476 2871 6328 3069 oder seinem Gesichte zugewendet waren. In der Mitte, in gerader Linie vor seinem Pulte, war
469 3039 6320 3244 meist ein leerer Raum, hinter welchem der Organist saß. Derselbe wendete dem Direktor den Rücken,
469 3186 6320 3340 was nicht gut ist, konnte aber mit Hilfe eines Spiegels jede seiner Bewegungen wahrnehmen und
498 3332 6335 3530 sollte er nicht Acht haben, so genügte das leiseste Flüstern, um ihn zu anderer Registrirung oder
476 3508 2995 3713 zum Wechsel des Tempo 2c. zu veranlassen.
930 3567 6313 3852 Hier will ich die Frage anregen: Soll man den Sängern Pulte gestatten oder nicht? Ich
476 3816 6328 4006 antworte unbedingt mit „Ja“. Freilich wenn der Raum so beschränkt ist, daß die Sänger nur
476 3962 6335 4145 ohne Pulten Platz finden, so sind eben Pulte unmöglich; Pulte nehmen Platz ein. Aber wenn der
483 4123 6335 4292 Raum genügend ist, so bieten die Pulte mannigfaltige Vortheile. Werden die Stimmen in den
505 4270 6328 4453 Händen gehalten, so ist es unmöglich, sie so ruhig zu halten, daß nicht das Notenblatt in beständiger
476 4416 6335 4585 wenn auch noch so leiser Bewegung ist. Das trägt aber dazu bei, daß, wenn mehrere aus einer
505 4577 6342 4775 Stimme singen, der eine oder andere Sänger die Noten nicht sicher genug liest. Auch wendet der
491 4731 6342 4922 die Stimme Haltende sie oft so, daß der neben oder hinter ihm Stehende einige Augenblicke, bis er
476 4907 6350 5075 nämlich durch Worte oder Zeichen gegen die Stellung des Notenhalters Protest erhoben hat, die
483 5031 6342 5222 Noten gar nicht mehr sehen kann. Dieser Einwurf fällt freilich weg, wenn jeder Sänger seine eigene
505 5200 6357 5383 Stimme hat. Aber das ist höchst selten der Fall, denn es ist sehr kostspielig. Hiegegen reichte
483 5324 6350 5537 auf meinem Chore eine Stimme für je 4 Sänger, ja im Nothfalle für 5 und 6, wenn sie von
491 5493 6350 5676 Pulten sangen. Was nun die Aufstellung dieser betrifft, so stellte ich die schwächeren Sänger zu
491 5647 6350 5830 nächst ans Pult, hinter sie die sicherern, damit diese den andern in die Ohren sangen. Stehen die
483 5778 6335 5962 besseren voran, so werden sie manchmal unsicher durch die Unsicherheit, mit der ihnen die hinter ihnn
505 5947 6357 6123 stehenden in die Ohren singen. Hatte einer, den ich zurückhaben wollte, schwache Augen, so steckte
513 6108 6364 6335 ich ihm eine Brille auf die Nase. Das ist unerläßlich; denn fieht er die Noten nicht gut, so sieht
498 6269 6350 6438 er noch weniger die Weinheiten der Direktionszeichen und die muß er sehen. Auch sind bei
505 6386 6357 6584 Knaben meistens die größeren die sicherern Sänger, weil sie am längsten schon Dienst gemacht haben.
505 6562 6342 6723 Man muß aber immer die Körpergröße berücksichtigen und nicht vorne ans Pult einen hinstellen,
505 6709 6357 6906 der die Noten verdeckt, so daß die Kleinen nicht mehr in die Nota sehen können. Man kann also
505 6855 6357 7045 vor 8 Pulten 32 bis 48 Sänger stellen. Ich stellte meine 20 Sünger auch vor 7—8 Pulten; der Tenor
505 7016 6364 7192 bedurfte nur eines. Hat man keine Pulten, so kann man nicht so viele Sänger hinter einander
520 7177 6357 7346 stellen, es kann also das Einwirken eines auf den andern nicht so lebhaft und das Ensemble nicht, so
505 7324 6357 7565 genau sein als wie mit Pulten. Es ist gut, wenn die Zurückstehenden (besonders die Bässe) vielleicht
513 7478 5544 7675 um eine Stufe des Podiums höher stehen, als die voranstehenden Soprane und Alte.
967 7595 6379 7851 Ausnahmen machte ich nur aus speziellen Veranlassungen, z. B. bei einer Aufführung wollte
513 7800 6372 8056 ein ausgezeichneter Altist sich schonen; ich hörte ihn nicht; wollte ihr aber hören; somit stellte ich ihn
527 7946 3706 8151 in meine Nähe, da war es mit der Haulheit zu Ende.
989 8056 6379 8364 Man sieht aus dem Gesagten, daß die Aufstellung auf einem Chore von Wichtigkeit ist, viele
527 8225 3706 8496 Schwierigkeiten bietet und manche Ueberlegung fordert.
981 8386 6357 8642 War eine Messe 2chörig, so stellte ich einen Chor zur Rechten, den andern zur Linken.
527 8525 6364 8788 Waren die Chère gemischte Chöre (je ein Sepran, Alt, Tenor und Baß), so war die Veränderung
549 8759 6379 8920 schnell vollzogen. Da jede Stimme zwei Pulten hatte, so vertauschten Sepran und Alt je eines
542 8891 6379 9089 ihrer Pulte, und ebenso Tenor und Baß. War die Messe 5 oder östimmig, so blieb alles wie beim
542 9067 6372 9308 4 stimmigen Gesange. Die nothwendige Verwechslung, wenn das Grad. oder Off. Schörig war, fand
549 9191 4944 9433 schnell, rasch und lärmlos statt, weil jeder wußte, wo er seinen Platz hatte.
