6771 10642
476 542 703 842 34
6116 923 6351 1150 ist,
974 864 6080 1157 Ich muß hier aufmerksam machen, daß es beim Baue von Kirchen sehr wichtig
483 1077 6343 1297 dem Chore den nöthigen Raum zu lassen, damit eine erkleckliche Sängerzahl aufgestellt werden kann
483 1245 6336 1443 und zwischen der Orgel und der Brüstung hinreichenden Raum zu lassen. Das Kollegiatstift zur
505 1384 6329 1590 alten Kapelle in Regensburg hat eine erkleckliche Summe aufgewendet, um diesen Raum zu erweitern,
476 1546 2776 1758 indem sie die Orgel zurückversetzen ließ.
930 1707 6329 1897 Wenn aber in einer Kirche, wie in vielen gothischen Domen, gar kein Platz für den Chor ist,
505 1846 6343 2036 so empfiehlt es sich, ihn entweder hinter den Hochaltar zu verlegen wir in Regensburg, oder wie in
476 2014 6329 2198 der Peterskirche in Rom nur eine hölzerne Balustrade zu bauen, welche man zu ebener Erde im
476 2154 6329 2329 Presbyterium oder in die Nähe desselben hinstellt, so daß die Sänger etwa 6 Fuß über dem Erd¬
476 2300 1245 2527 boden stehen.
930 2403 6321 2652 Wenn ich einen Chor sehe, auf welchem die Sänger nicht ständig auf den Direktor hin ge¬
476 2622 6329 2805 wendet sind, so ist mein Urtheil im Voraus entschieden. Er mag ein Stück gut eingepauckt haben,
476 2769 3413 2952 aber es ist ein rein mechanisches Zusammenwirken.
930 2915 6343 3120 Also eine richtige Aufstellung ist unerläßlich, wo sie nicht richtig ist, bin ich über die
505 3084 3941 3304 schwachen Leistungen eines Chores im Voraus im Klaren.
4029 3091 6329 3274 Ich habe Chöre gesehen, wo man sehr
483 3282 6321 3450 gut die Violinisten so stellen konnte, daß sie dem Dirigenten ins Gesicht sahen, man stellte sie aber
491 3428 6329 3619 so, daß sie in einer Linie mit ihm standen. Die vollständige Unwissenheit des Dirigenten zu consta¬
454 3560 6343 3765 tiren, reichte mir dieß einzige Faktum aus. Wenn auf meinen Chor manchmal fremde Sänger
461 3706 6321 3897 kamen, so erkannte ich den Grad ihrer gesanglichen Bildung sofort in ihrei Stellung zum Dirigenten:
476 3890 6329 4102 stellten sie sich so, daß sie nicht jede auch die leiseste meiner Bewegungen bemerken konnten, so hielt
476 4021 4395 4205 ich sie für „Schreier“, aber nicht für Sänger. Witt erzählte mir:
930 4190 6343 4402 „Ich hörte am 1. Mai 1870 im Dom zu Mailand das Hochamt. Die Sänger standen
447 4322 6314 4542 alle in Einer Reihe, der Direktor mitten in der Reihe. Es fiel keinem Sänger ein, aus ihn zu
476 4512 6300 4710 sehen, sie sahen alle gerade vor sich auf das Volk. Dafür mußte man den Direktor um so ver¬
440 4695 6307 4871 nehmlicher hören. Denn er schlug mit dem Taktstocke (wahrscheinlich von Papier) immer den guten
461 4820 6314 4988 Takttheil so laut an, daß man es im ganzen Presbyterium schallen hörte. Da die Messe meist
440 4959 6300 5149 allegro im ¾ Takte ging, so schlug er immer 2 Takttheile laut aufs Pult, einen in die Luft.
454 5135 6109 5333 Ebenso gut hätte man einen Metronom hinstellen können, der wäre wenigstens wohlfeil gewesen.
762 5252 6307 5494 Auch Hurter findet an der italienischen Kirchenmusik als eine der ärgerlichsten Schattenseiten
440 5435 6263 5626 das unaufhörliche Aufschlagen auf die Pulte. Er sagt: „Es gibt noch einen anderen Uebelstand
425 5604 6285 5765 tritt nämlich bei großen Festlichkeiten ein stark besetzter Chor mit untermischten Solopartieen auf, so
418 5765 6307 5933 haben die Capellmeister die üble Gewohnheit, mit einer dicken Notenrolle auf das Geländer unab¬
425 5889 6285 6094 lässig dergestalt den Takt zu dreschen, daß über dem unerträglichen Klopfen jeder Eindruck verloren
440 6072 6292 6263 geht. Ich habe dieß zum erstenmal in St. Clara zu Neapel gehört und mich nicht genug darüber
410 6219 6278 6380 verwundern können, wie der Takt für das Schickliche dem materiellen Taktschlag so könne zum Opfer
403 6365 1406 6614 gebracht werden."
857 6475 6285 6724 Hektor Belioz sagt: „Ein Orchester, das nicht auf den Taktstab blickt, hat so gut wie
396 6578 6285 6856 keinen Dirigenten. Oft, nach einer Fermate z. B., ist der Dirigent gezwungen, mit dem entschei¬
410 6820 6270 7025 denden Zeichen zum Wiedereintritt des Orchesters so lange zu zaudern, bis er sieht, daß die Blicke
403 6966 6256 7200 aller Musiker auf ihn gerichtet sind. Es ist Sache des Dirigenten, während der Proben die Musiker
396 7127 5259 7369 daran zu gewöhnen, daß sie im entscheidenden Augenblicke ihn alle zugleich ansehen.
894 7230 6248 7501 „Diese Nothwendigkeit für die Ausführenden, ihren Dirigenten anzublicken, schließt nothwen¬
381 7464 6234 7633 diger Weise für diesen zugleich die Verbindlichkeit ein, sich auch seinerseits allen sichtbar zu machen.
403 7603 6226 7838 Er muß, mag auch die Aufstellung des Orchesters sein, welche sie wolle, sich auf Stufen oder auf
381 7786 5992 7992 einer erhöhten horizontalen Fläche der Art aufstellen, daß er den Mittelpunkt aller Blicke bildet.
842 7911 6241 8160 „Der Dirigent bedarf, um hoch über alle hervorragend und allen sichtbar zu erscheinen, eines
381 8079 6219 8277 besonderen Trittes, welcher um so höher sein muß, je größer die Anzahl der Musiker und je weiter
381 8255 6204 8431 der Raum ist, welchen sie einnehmen. Sein Pult darf nicht zu hoch sein, damit das Brett, worauf
381 8387 6197 8592 die Partitur liegt, nicht sein Gesicht verdeckt. Denn der Ausdruck seiner Mienen ist bei dem Ein¬
388 8548 6212 8739 flusse, welchen er ausübt, von großem Gewicht, und wenn der Dirigent für ein Orchester, das auf
381 8702 6212 8900 ihn nicht zu blicken versteht oder ihn nicht anblicken will, nicht da ist, so ist er ebenso wenig da,
366 8849 2703 9120 wenn er nicht gut gesehen werden kann.
835 9017 6219 9208 „Lärmende Schläge mit dem Taktstock auf das Pult, oder Stampfen mit dem Fuße auf seinen
374 9127 4505 9435 Tritt sind unter allen Umständen tadelnswerth. Das ist nicht bloß ein
4556 9156 6212 9420 schlechtes Hülfsmittel, sondern
352 9317 1245 9588 eine Barbarei.
