6819 10611
6151 497 6385 789 35
972 804 6392 1067 Nur im Falle die Sänger nicht pariren und kein anderes Mittel zu Gebote steht, kann das
541 1037 5282 1256 Aufschlagen mit dem Taktstock geduldet werden. (Vergl. Flieg. Bl. V pag. 49.)
1001 1198 6399 1395 Es ist nicht gut, den Takt ohne Taktstock z. B. mit der Hand oder dem Violinbogen zu
548 1330 6370 1512 schlagen; im ersteren Falle werden die Schläge nicht deutlich, im letzteren weniger genau, weil der
511 1490 6370 1702 Bogen etwas biegsam ist und wegen seines Bezuges mit Pferdehaaren der Luft geringen Widerstand
533 1629 6165 1841 entgegensetzt; man kommt der deßhalb zu machenden Anstrengungen wegen leicht ins Schleppen.
526 1819 6370 2002 Domkapellmeister Schrems, Inspektor Witt rc. dirigirten immer mit der Geige in der Linken, dem
533 1950 6370 2111 Takstock in der Rechten. Die Geige diente dazu, 1) schwierige Einsätze der Sophrane und Alte
541 2104 6377 2286 ihnen leise anzugeben. Sie wollten z. B. eine Messe, die in Fdur gedruckt stand, in Gdur singen lassen.
526 2257 6385 2447 Nun waren manche, wenn es ohne Probe geschah, über die Höhe der Intonation unklar, man mußte
548 2396 6385 2601 ihnen mit der Geige g angeben und dazu setzen, das ist f. Sie gaben mitten im Stücke ein oder
519 2557 6370 2732 das andere schwierige Intervall an, ohne daß man es in der Kirche vernahm, obwohl ich auch Chor¬
533 2725 6355 2915 regenten kenne, die das zu oft thun, so daß sie vor Aengstlichkeit zu viel „die Geige anzupfen“ und
548 2856 6370 3053 zu laut. 2) Den Akkord anzugeben, wenn nicht eingespielt ward. Nach Anstimmung des Gloria,
541 3024 6377 3236 Credo nach der Präfation und Wandlung wurde sofort ohne Orgelspiel eingesetzt. Man gibt den
526 3148 5325 3382 Dreiklang ruhig an, und alles muß so sicher sein, daß es pünktlich einsetzen kann.
972 3229 6370 3536 Bei den Proben kann man den Geigenbogen besser verwenden, indem man den Sängern ihre
548 3411 6392 3660 Melodieen vorspielt. Gibt es schwere harmonische Schritte, so nimmt man das Clavier, die
541 3652 6385 3850 Orgel, zu Hilfe, um den Sängern die Fortschreitungen klar zu machen (siehe unten). Sonst aber
541 3769 6399 3974 ist die Geige beim Gesangunterricht, also bei den Proben für den Dirigenten sehr wichtig. Will
548 3915 6392 4135 man während eines Stückes einer Stimme durch Tonangeben nachhelfen, so hört natürlich für diesen
541 4062 2148 4325 Moment das Taktiren auf.
1008 4142 6406 4427 Ich glaube übergehen zu dürfen, wie man die Taktarten mit dem Taktstock schlägt. *) Nur
548 4325 6385 4558 mache ich aufmerksam: 1) Bei schnellem Tempo schlägt man höchstens stellenweise die 4 Viertel,
541 4529 6392 4719 meistens die zwei Halben des 4/4 Taktes aus, weil der Arm sonst ermüdet. Aus demselben Grunde
3806 4683 6385 4865 (**) 2) Bei sehr langsamem Tempo geschieht
584 4690 3828 4872 schlägt man beim 6/8 und ¾ Takte nur zwei Schläge.
555 4821 6399 5026 das Gegentheil; man zerlegt selbst die Viertelnoten in Achteln. 3) Dieß letztere hat aber im 4/4 Takte
562 5004 6421 5223 zu unterbleiben, wenn das Orchester oder ein Theil desselben Triolen spielt. 3) Alte Werke dirigire
548 5179 6385 5369 man nie oder höchst ausnahmsweise im ¼, sondern im E Allabreve-Takte. Proske sagt mit
548 5318 6385 5544 Recht: Im 4/4 Takte zu dirigiren, sei eine „wesentliche Aenderung“, indem jeder dritten Viertel
555 5501 5187 5691 note der ihr zukommende Niederschlag entzogen würde." (M. d. p. XXXVI.)
1008 5603 6406 5844 Man kann manchmal vom Allabreve-Takte zum 4/4 Takte übergehen und umgekehrt. Will
555 5778 6399 5954 ich acceleriren, so geschieht letzteres, will ich ritardiren (oder mehr marcato), ersteres. Ein Beispiel
562 5917 6363 6114 bietet das Motett v. Aiblinger (in Witt's Cantus sacri p. 5); das marcato bei „et non timebo“
562 6085 6049 6260 kommt besser zum Vorschein, wenn der Dirigent vom Allabreve-Takt zum ¼ Takt übergeht.
1037 6246 6414 6450 Ich habe oben erzählt, daß Liszt manchmal zu dirigiren aufhört und das Orchester frei gehen
577 6385 6385 6560 läßt. Auch Witt sagt in der Vorrede zur 2. Vereinsgabe des a. d. Cäc.=Vereines (Missa II. von
570 6538 6421 6743 Hasler): „Im Benedictus läßt sich, wenn die ersten Takte taktirt sind und die Solisten den Geist
577 6691 6414 6881 des Stückes erfaßt haben, der höchste Ausdruck der Andacht erreichen, wenn der Dirigent nicht weiter
570 6867 4982 7079 taktirt, sondern sie frei walten läßt. Das war wenigstens mein Verfahren.
1052 7005 6421 7203 Ich komme nun auf einen der wichtigsten Punkte, von dem vielfach die Leistungen eines
562 7152 6414 7327 Chores bedingt sind. In seinen „Musikalischen Reiseskizzen aus dem Jahre 1863“, in welchen er
577 7290 6421 7488 in Bezug auf Leistungen den Regensburger Chören den ersten Rang anweist, setzt B. Kothe über
570 7436 6421 7678 dieselben hinzu: „Auf keinem Chore fand ich so viel Andacht, oder wurde wenigstens der äußere An¬
577 7619 2396 7860 stand so gut bewahrt als hier."
1037 7678 6421 7984 Ich weiß nur, daß ich beim Dirigiren, sei es in den Proben oder bei der Aufführung die
570 7867 6406 8123 Sänger nicht Ein Wort ohne Noth reden ließ; ich sagte oft: Beim Singen müßt ihr stehen wie in
577 8050 6399 8240 Stahl gegossen! Eine einzige Unaufmerksamkeit verursacht einen Fehler. Ein Fehler verdirbt mehr,
562 8240 6436 8415 als zehn Sänger gut machen. Ich appellire an eueren eigenen Verstand: Ist es recht, wenn ein
577 8379 6436 8569 Einziger durch seine Unaufmerksamkeit und Zerstreutheit ein Stück verdirbt, während 20 andere sich plagen
577 8518 6414 8744 und sich Mühe geben? Es wurde also ohne Noth nicht Ein Wort gesprochen. War ein Stück zu Ende, so
745 8700 6363 8992 *) H. Belioz gibt in der öfters citirten Broschüre dazu Anleitung. Da aber dieß Alles in der Kirchenmusik nicht
869 8941 2907 9095 oder selten vorkommt, so übergehe ich es.
614 8949 4712 9182 **) Beim ¾ Takte wird dann der Niederschlag nochmal so lang als der Auftakt.
562 9095 6406 9380 **) So sind in der Missa II von Hasker die Halben in Viertl zu zerlegen, ebenso in Greith's 4. Choralmesse beim Et ine.
869 9292 3002 9526 und in Witt's Litanei op. XIIIe in Cdur.
5486 9394 5734 9686 5*
