6788 10618
482 548 694 796 36
497 840 6317 1059 griff ich nach dem Erbauungsbuch. Mit mir thaten es alle Sänger. Eine Minute vor dem Beginne
482 1044 6317 1234 des neuen Stückes legte ich es weg — augenblicklich die Sänger; und jeder stand die Augen auf
467 1190 6324 1366 mich gerichtet, von diesem Augenblick an meiner stummen Zeichen gewärtig. Ich habe öfter Orchester
482 1351 6317 1526 dirigirt, fremde Leute, die das 1. Mal auf dem Chore schwätzten; kamen sie zum 3. Male, so
489 1512 6324 1701 flüsterte ohne Noth keiner Ein Wort. Ich hatte kein wort der Mahnung an sie gesprochen. Sie
482 1636 6331 1833 konnten es mir aber wohl am Gesichte ablesen, was ich davon hielte und sie wußten auch, daß ich
497 1811 3228 2023 nicht der Mann sei, mit sich spassen zu lassen.
927 1957 6309 2213 War es mir unmöglich gewesen, eine Probe zu halten, so war es auch unausbleiblich, daß
482 2154 6331 2329 einige Fehler von den Instrumentalisten gemacht oder daß die Zeichen nicht strikte genug gehalten
475 2322 6317 2497 wurden. Nach dem Stücke, wenn Pause war, ging ich zu dem Betreffenden, zeigte ihm die Stelle
482 2461 6324 2651 und sagte z. B.: „Hier steht cresc., Sie haben po. geblasen; hier steht ein skz., sie haben es
482 2614 6317 2819 nicht beachtet; ich wünsche Genauigkeit." „Ich habe für die Violinen eigens den Bogenstrich einge¬
475 2775 6324 2987 zeichnet; trotzdem hält ihn der Eine ein, der Andere nicht, so leidet die Aufführung.“ „In der
482 2921 6331 3125 Orgelstimme stehen Pausen; wollen Sie doch den Akkord halten, so müssen Sie es um die Oktave
497 3082 6331 3242 höher thun; denn darin ruht die zweimalige Steigerung, es folgt derselbe Gedanke zuerst in der
489 3220 6324 3403 tieferen, dann in der höheren Lage; wird das nicht beachtet, so ist die Steigerung und damit jedes
504 3388 6324 3556 Colorit dahin.“ So gewöhnt man die Leute ans Denken, und wer denkt, schweigt gerne. Aber
489 3542 6331 3702 gar so häufig schwätzen die Chorregente ohne Noth selber, weil sie so wenig zu denken wissen.
489 3695 6324 3907 Wie schlecht es mit der Kirchenmusik steht, beweist die Thatsache, daß man auf die Chöre auch Nicht¬
518 3848 6331 4031 mitwirkende läßt. Das sind meistens solche, die des Schwätzens wegen hingehen. Chorregenten und
482 3987 6331 4250 Pfarrer müssen mit aller Energie, und wenn sie sich dadurch hundert Feindschaften zuziehen, diesen
497 4141 1417 4396 Unfug abstellen.
949 4265 6346 4557 Einen Organisten, der immer an der Orgel Töne antippt, um den Ton, den der Geistliche
475 4506 6331 4688 festhält, zu finden, soll man vom Chore wegschaffen. Es ist das Mindeste, was man verlangen
467 4674 6324 4863 kann, daß ein Organist von dem Schlußakkord aus den Ton des Geistlichen unfehlbar bestimme. Ich
475 4812 6317 5002 habe Kinder von 4, 6, 8 Jahren gesehen, die das konnten. Es darf durchaus nicht stattsinden
504 4973 4053 5177 Ein Organist, der es thut, ist nicht werth, Orgel zu spielen.
927 5126 6324 5367 Was das Stimmen der Instrumente angeht, so muß es auf die allerdiscreteste Weise geschehen.
482 5324 6317 5535 Die Clarinette, Trompeten, Flöte dürfen nur einen Ton stimmen, nicht ganze oder halbe Skalen
482 5484 6317 5659 blasen. Ich habe die Bilfe’sche Capelle gehört. Wenn sie concertirten, hörte man sehr selten
475 5645 6309 5835 und dann ganz leise stimmen, obwohl die Mitglieder der Capelle stundenlang ihren Platz
482 5776 6302 5981 nicht verließen. Konnten's die, warum nicht auch ihr? Daraus folgt, daß die Instrumente (be
511 5944 6324 6141 sonders Saiteninstrumente) zuvor in gutem Stande sein müssen. Instrumente, die wochenlang nicht
497 6127 6309 6266 gebraucht und gestimmt wurden, taugen nicht. Immer sollen wenigstens einige Violinen bereit liegen
482 6266 6317 6448 damit, wenn Saiten reißen, nicht die Saite wieder aufgezogen werden muß während des Gottes¬
482 6397 6317 6587 dienstes, was Störung macht und ohnehin meist zu unreinen Stimmungen führen muß, sondern bloß
467 6558 6317 6740 bloß ein Wechsel der Violinen eintritt. Sollten die Saiteninstrumente längere Zeit nicht gebraucht
497 6689 6317 6886 sein, so müssen sie einige Tage vor dem Gebrauche in reine Stimmung gebracht und jeden Tag
482 6842 6317 7040 öfters nachgestimmt werden. Genau ist Acht zu haben, ob es möglich ist, die Blasinstrumente so
467 7032 6317 7237 tief zu stimmen als die Orgel, besonders im Winter. Wenn nicht, sind entweder die Instrumente
482 7208 3578 7390 oder die Orgel wegzulassen, je nach der Composition.
949 7317 6309 7573 Eines der schlimmsten Mittel, das ein Chorregent anwenden kann, um sich Geltung zu ver¬
497 7514 6317 7711 schaffen, ist das Zischen: Bst! Bsch! Zeigt er damit den Zuschauern nicht eklatant, daß er keine
482 7682 6317 7865 Gewalt über seinen Chor hat, daß sie ihm nicht gehorchen? Jedes solche Zischen kommt mir vor wie
467 7857 6339 8033 ein — testimonium paupertatis für den Dirigenten. Wenn nun gar dieses Zischen an unrechter
482 7989 6324 8142 Stelle angewendet wird! So hörte ich einst die Missa „Dum complerentur“. Im 1. Agnus Deli
504 8142 6309 8354 steigen die Stimmen (besonders die Tenore) gewaltig an; statt ihnen ihren natürlichen Lauf und
467 8281 6317 8478 die entsprechende Kraft zu lassen, wodurch die Stelle schön geworden wäre, wurde sie niedergezischt.
475 8427 6287 8697 Der Text „Agnus Dei“ verlangt nicht absolut ein po., es ist also die Dynamik nach der Melodie
475 8595 3133 8800 bildung zu bemessen, und die wies auf cresc.
920 8741 6331 8989 Sehr widerlich ist es auch, wenn der Chor das Responsorium beginnt, ohne daß der celebrant
467 8938 6339 9135 vollständig den letzten Ton hat ausklingen lassen (und umgekehrt). Meistens sind die Organisten
482 9106 6324 9325 schuld, die zu früh einfallen. Man lasse immer die Orgel ein wenig nachklingen, wenn die Sänger
467 9260 2563 9515 das Responsorium geschlossen haben.
2841 9333 3644 9683 Wärner
