6819 10608
6151 490 6407 775 37.
987 790 6385 1053 Man lasse nicht leicht Fremde als Zuschauer auf dem Chore! Was haben sie dort zu thun?
527 1009 6363 1229 Sie können Nichts bemerken als ruhig stehende Sänger und den Taktschlagenden Dirigenten; das
541 1170 6385 1353 Sehen macht aber gar Nichts aus, davon lernt man gar Nichts, erst das Begreifen! Und das gibt
549 1324 6378 1492 sich im ruhigen (also wenn man entfernter steht) Hören viel besser. Meist aber hat das Zuschauen
541 1492 6348 1682 Fremder auf dem Chore Nachtheile; die Sänger (besonders Knaben) werden neugierig, besehen sich
519 1624 2435 1872 den Fremden und zerstreuen sich.
2070 1799 4849 2084 § 6. Einfluß liturgischer Borschriften.
1002 2077 6378 2275 Bekanntlich sind für den celebrirenden Geistlichen etc. bei folgenden Worten des Gloria eine
505 2223 2626 2428 liturgische Aktion vorgeschrieben, bei
1353 2399 2472 2589 1) „adoramus te“
1324 2509 2860 2713 2) „gratias agimus tibi“
1316 2699 3035 2889 3) „Jesu Christe“ (zweimal)
1324 2823 3518 3050 4) suscipe deprecationem nostram“,
512 2984 5771 3211 Im Credo ist bei den Worten „Jesu Christe“ und „simul adoratur“ dasselbe der Fall.
958 3130 6363 3372 Die alten Meister haben deßhalb diese Worte besonders deutlich und feierlich hervorzuheben
497 3320 6378 3503 gesucht. Sie brechen fast ausnahmlos die Bewegungen der Imitation ab und lassen diese Worte im
505 3467 6356 3664 Zusammentritte aller Stimmen gleichzeitig im homophonen style singen. Sie behandeln also diese
512 3620 2340 3796 Worte anders als die übrigen.
943 3752 6348 3949 Hieraus ergibt sich, daß auch der Dirigent sie in irgend einer Weise hervorheben muß. In
497 3876 6378 4088 Regensburg geschieht das, indem man häufig diese Stellen piano einsetzt und cresc. nimmt. Ein Bei¬
534 4066 6341 4257 spiel gibt die Missa „Isle confessor“, wo man das „simul adoratur“ (M. d. I. p. 44) piano
505 4183 6348 4381 einsetzen läßt, jede folgende Silbe schärfer steigert, so daß der Chor auf der vorletzten Silbe ein
519 4374 6363 4571 sehr kräftiges storzando erreicht; denselben Vortrag läßt man bei den darauffolgenden Worten „et
497 4505 6356 4717 conglorificatur“ einhalten. Oder man ritardirt schon bei den vorhergehenden Worten, so daß diese
505 4659 6348 4834 Worte plötzlich wie eine Stockung mitten im Fluß des vorhergehenden Tempo erscheinen. So würde
519 4820 6348 5017 sicher beim Zusammentritt der 8 Stimmen in der Messe von Hasler (Sel. nov. I. p. 264) bei
490 4981 6334 5222 „adoramus te“ ein piano nicht angezeigt sein; aber die Stelle durch ritard. recht breit hinlegen,
505 5142 1631 5310 macht guten Effekt.
965 5215 6348 5478 Es sind das keine Willkührlichkeiten, weil die Componisten selbst darauf hinweisen. So hat
505 5412 6312 5617 Palestrina in der Missa „Assumta est“ (VII. toni) nur sehr selten und meist nur durchgehend den
497 5595 6326 5785 Bdur-Akkord angewendet (Sel. n. I. p. 115), aber bei simul adoratur und bei conglorificatur
483 5741 6341 5902 wendet er ihn in ganz demonstrativer Weise an, indem er diesen Akkord vier Schläge aushalten
490 5880 4739 6063 läßt, während 3 Takte vor und einen Takt nach diesen Stellen h steht.
929 6056 6319 6239 Beim „et incarnatus est“ wird die feierlichste Ceremonie angewendet, welche die Kirche kennt,
475 6165 6326 6385 die genuflexio. Kein Stück ist also auch feierlicher vorzutragen. Besonders Vittoria verwandelt
497 6334 6341 6531 gern den ganzen in den Tripel=Takt. In der M. d. und Sel. n. befinden sich von ihm folgende
512 6509 6319 6670 Messen: 1) Quarti toni, 2) „Simile est r. coel.“ 3)„Vidi speciosam“. 4) O quam gloriosum“,
512 6656 6319 6838 5) Trahe me“. Von diesen haben die 1. und 4. diesen Tempowechsel und beide zeichnen sich durch
475 6816 6326 6970 ihre außerordentlich schöne Deklamation des Textes und großartige Harmonien vor den andern aus.
483 6955 6348 7153 Es bezeichnet (nebenbei gesagt) den ganz niederen Standpunkt der „Sixtina“, daß sie, wie Witt in
527 7109 6319 7284 seinen Fl. Bl. V p. 71 berichtet, bei dem Herabjagen und Herabschreien des ganzen wunderschönen
490 7277 6334 7438 Credo der Missa „O quam gloriosum“ nicht einmal das „et incarnatus est“ schont; es wird mit
490 7416 6334 7628 derselben Rohheit gesungen, wie das übrige und sie zeigt dadurch, daß ihr wie jeder feine Geschmack
475 7614 6319 7767 und jeder Zartsinn für die Bedeutung der Worte, so jedes Gefühl für dee Liturgie abhanden gekommen.
973 7731 6319 7906 In ganz ähnlicher Weise ist in den Vespern das „Gloria Patri et F. et Sp. s.“ durch
512 7884 6319 8067 sorgfältigen Vortrag und je nach der Beschaffenheit des Stückes durch langsames Tempo heraus¬
490 8045 973 8235 zuheben.
965 8133 6334 8367 Es darf aber dieses nicht in Pedanterie ausarten. Nur, wo der Componist selbst dazu Ver¬
490 8345 6334 8506 anlassung gibt, wie es die Alten meistens durch die Unterbrechung des polyphonen Satzes durch einen
497 8491 6341 8725 homophonen thun, oder indem sie eine andere Taktart eintreten lassen und in ähnlichen Fällen, gilt
497 8652 3196 8857 obige Regel; man muß aber Nichts erzwingen.
673 8835 6312 9113 Der Verfasser dieses Schriftchens citirt meist die älteren Meister. Hier ist es erklärlich, weil die modernen auf
739 9062 6334 9208 solche „Lappalien“ nie Acht gehabt. Anderwärts hat er es gethan, weil er eben das Ideal eines Dirigenten im
746 9186 6158 9354 Ange hat, dieß aber von der Aufführung der Alten mir untrennbar erscheint, und weil sie auch schwieriger
739 9303 1441 9523 dirigiren find.
