6802 10663
447 527 674 791 38
893 842 6312 1069 Die Modernen beachten diese Regeln entweder gar nicht oder sie heben die gemeinten Worte
454 1076 6319 1245 ohne Aenderung des Tempo in der richtigen Weise hervor. So sind dieselben in Witt's Messen
476 1230 6312 1406 meist sehr deutlich abgehoben, ohne daß der Dirigent irgend eine selbsteigene Modifikation eintreten
461 1355 1259 1574 lassen dürfte.
923 1479 6341 1699 Ich habe oben gezeigt, daß der Text die richtigen Fingerzeige gebe, um die Vortragsweise zu
461 1648 6319 1845 erkennen. Manchmal erhalten wir solche auch durch die Liturgie. So darf man nicht glauben, daß
461 1816 6319 1992 die Alten etwa im „Dies irae“ auch die Schilderung des „jüngsten Tages“ übernehmen. Nein, sie
461 1948 6319 2131 füllen die Textworte mit dem Geiste der Busse und des ruhigen Ernstes, mit denen der Gläubige
461 2094 6312 2270 die Worte der Schrift über das Gericht betrachtet. Und dieß entspricht der Liturgie. Man dar
476 2263 6341 2438 also nicht glauben, die Worte „Quantus tremor, Tuba mirum, Rex tremendae, Confutatis“ seien
476 2416 6327 2614 in den Todtenmessen von Asola, Anerio mit großem Geschrei, aufregend oder aufgeregt, kurz ganz
469 2570 6327 2819 absonderlich vorzutragen. Modifikationen sind freilich erlaubt, gut, und durch den Text geboten.
491 2724 2614 2958 Aber nicht moderne Uebertreibungen!
959 2885 6341 3061 So ist es auch im Choral. Gewiß hat Niemand eine passendere Melodie erfunden, als der
483 2966 6334 3193 Choral sie zu diesen Worten hat. Aber von Schilderung des Feuerbrandes, des Brausens der
476 3178 6327 3361 Wasser, des Lärmens der zusammenstürzenden Erdkörper ist keine Spur. Man wird Quantus tremor,
476 3324 6327 3507 Confutatis rc. anders deklamiren als salva me, weil andere Worte, anderer Ausdruck. Aber es
476 3471 6334 3669 bleibt Deklamation des Textes hier und dort, dieselbe Grundstimmung. Will man übrigens, neben¬
476 3639 6349 3815 bei gesagt, den hohen Werth des Chorales erkennen, so vergleiche man in Bezug auf Melodiebild¬
483 3793 6334 3969 ung (abgesehen von Harmonie, die der Choral nicht kennt), den Choral mit Mozarts Requiem und
461 3954 6349 4152 man wird vom Standpunkt richtig melodischer Textphrasirung und Deklamation die Ueberlegenheit
476 4101 6341 4269 des Chorals nicht bezweifeln können. Selbst H. Berlioz fühlte das, wie man schließen kann aus
483 4247 1464 4489 seinen Schriften.
2702 4408 4101 4738 §. 7. Solo=Gesang.
937 4642 6327 4884 Der Solo=Gesang, sei er nun ein= oder zweistimmig mit Orgel= ober Orchester=Begleitung
498 4855 6349 5016 oder ein Terzett, Quartett (wie es bei den Alten meistens heißt trium, quatuor vocum") ist ge¬
505 5001 6356 5184 boten durch den Ritus selbst 1) bei den Anrufungen in den Litaneien, 2) beim Wechselgesange im
505 5162 6334 5345 Officium bei den sog. Responsorien nach den neun Lektionen, wo der Versus Solo ist. Der Liturgie
513 5301 6349 5499 gemäß soll auch der Versus nach dem Graduale Solo gesungen werden. Die rechtskräftige Ge¬
505 5455 6356 5660 wohnheit aber gestattet hier den Chorgesang. Selbstverständlich bleibt der solo=Gesang erlaubt.
513 5624 6349 5777 Dasselbe ist der Fall bei den Anrufungen des Kyrie, wo der Chorgesang meist an die Stelle der
498 5770 6349 5968 Litaneienform (Wechsel von Anrufung und Responsorium, von solo und Chor) getreten ist. Solo¬
520 5939 6356 6122 Gesang ist ferner geduldet und erlaubt im Credo. Obwohl hierunter zunächst nur das Solo¬
513 6070 6363 6261 Quartett zu verstehen, so gestattet doch eine rechtskräftige Gewohnheit, daß nicht immer der ganze
520 6231 4928 6385 Chor das ganze Credo singe; ähnliches gilt von durchcomponirten Psalmen.
974 6378 6349 6568 Die Modernen geben ihr Solo, Halbchor, sehr genau an. Es ist übrigens von der Stärke
520 6495 6349 6722 der Stimmen, des Chores, von der Akustik abhängig, wie man „Solo“ „Halbchor“ zu fassen hat.
520 6663 6349 6854 Da die meisten jetzt lebenden Componisten Arien in der Kirchenmusik meiden, so gleicht auch ihre
520 6825 6349 7008 Melodiebildung beim Sold und Halbchor der des Chores. Ein tüchtiger Chorregent wird eben zu er¬
505 6986 6371 7161 kennen suchen, was will der Componist erreichen? Und wie muß ich demgemäß die Gesangs=Kräfte
527 7147 6378 7301 verwenden, wie muß ich schattiren lassen (nicht bloß durch po. und to, sondern auch durch Solo und
542 7301 6356 7491 Chor), um dem Componisten gerecht zu werden? In der Messe „Veni sponsa Christi“ von Palestrina ist
542 7447 6283 7623 offenbar (Sel. n. I. p. 18) das „Et in Spiritum“ ganz in der Weise behandelt (bis „simul adoratur“
520 7593 6356 7769 wie die Alten ihre solomässigen Sätze behandeln. Man vergleiche das „Pleni“. Gewöhnlich be¬
520 7755 6356 7945 handeln die Alten das „Benedictus“ solomässig. Ausnahmen siehe Sel. nov. p. 288 oder p. 446.
600 7894 2189 8128 Ist hier Halbchor angezeigt?
989 7960 6363 8245 Ein äußerst wirksames Stück ist das Magnificat von Marenzio (M. d. III. p. 325), beson¬
520 8150 6349 8370 ders wirksam, wenn man die Verse „Et misericordia“ und „Esurientes“ Solo singen läßt. (Hier
520 8370 6356 8523 merke ich an, daß vor und nach demselben eine Art Pause, gleichsam eine Fermate über dem Takt¬
542 8494 6356 8706 strich anzubringen ist, worauf der Chor um so wirksamer Forte eintritt. Und so öfter!) Aehnlich
542 8670 6371 8838 im Magnificat von Pitoni (M. d. III p, 332). Hier eignen sich die Verse: Et misericordia,
513 8831 6327 9007 Deposuit und suscepit. — Das über Alles herrliche Duett „Crucificus“ in Haslers „Dixit Maria“
527 8963 6356 9212 ließ ich (um einen Ton erhöht) von 3 Sepranen und drei Alten (Knaben) *) das darauf folgende
791 9190 4064 9534 *) Bei Frauenstimmen würden 2 Soprane genügen, dazu 3 Alte.
