6830 10611
6245 402 6472 702 39
673 680 6501 965 „Et iterum4 von einem Tenor und einem Baß vortragen. In der „Missa brevis“ von Gabrieli
607 899 6486 1119 kann man bei „Crucifixus“ den Alt und Baß doppelt oder einfach besetzen; bei dem darauffolgenden
673 1090 6494 1258 „Et resurrexit“ wird sich einfache Besetzung empfehlen; die rhythnischen Schwierigkeiten überwinden
629 1243 6508 1448 sich nach meiner Erfahrung leichter. — Doch hängt viel von der Qualität der Stimmen, von der
622 1360 2603 1638 Akustik, der Grösse der Kirche ab.
2640 1645 4490 1960 §. 8. Die alten Tonarten.
1060 1909 6464 2143 Was man auch immer probiren mag, so sind jene Stellen am öftesten zu repetiren, die am meisten
607 2062 6472 2274 Gefahren zu fehlen bieten. Solche Gefahrn werden oft auch die alten Tonarten. Nimmt man die
607 2267 6464 2435 1. Tonart, so ist sie in der Harmonisirung unserem Dm. ähnlich; allein in der Melodie liegt statt
607 2398 6472 2632 des b das h (vergl. Mus. s. 1 p. 41). Deßwegen zeichnen die Alten bei Werken dieser Tonart oft
600 2552 3086 2742 das b am Anfange des Stückes nicht vor.
1046 2669 6450 2918 Nehmen wir eines der schönsten und leichtesten Stücke in dieser Tonart, dessen Aufführung
607 2866 6450 3057 jeder Chor als Ehrenaufgabe sich stellen soll, das Pange lingua von Pitoni Mus. div. III p, 395.
600 3013 1799 3283 Das Stück beginnt:
1748 3305 1989 3510 ainteilä
3532 3313 3744 3568 Tanden-
812 3313 1280 3642 Ceo.
3144 3174 3415 3686 Einläßeitä
5799 3437 5960 3642 Kolmäs-
4373 3444 4658 3656 Mänigstä
3568 3495 3773 3656 11
3802 3166 4022 3642 B
5199 3313 5382 3649 Eeinä
5514 3788 6216 4124 c F
4044 3817 5038 4102 ====  =====n
3130 3920 3364 4102 c.
3525 3934 4548 4336 Kirjeldus-
1484 3905 1835 4183 n
4724 4066 4921 4219 c. p.
5711 4080 5945 4278 nurmächtige
687 3949 1346 4270 D:o 8:
1155 4139 1426 4344 3
1543 4146 1792 4395 Päivä
4490 4146 4834 4366 It
943 4329 6179 4563 Pan-ge lin-gua glo-ri - o - si, cor-po-ris my - ste - ri-um Sangui-nisque pre - ti - 0 - si
592 4519 6413 4717 Im 4. und 5. Takte liegt die Melodie im Alt und da scheut sich der Componist, um eine naturge¬
563 4695 6413 4914 mässe Cadenz zu bringen, nicht b anzuwenden. Im 7. und 2. Takte aber haben wir sehr überraschend
570 4848 6420 5009 den Gdur- auf den Fdar-Akkord folgend. Nicht an die Alten gewohnte, tüchtig geschulte Sänger
600 4987 6420 5177 singen hier regelmäßig b. So verlässig im Ganzen meine Sänger waren, so fiel doch die erste Auf¬
607 5155 6413 5324 führung dieses Stückes am 7. Juni 1868 unter meiner Direktion übel genug aus. Ich ließ das
585 5294 6413 5499 Stück um einen Ton höher intoniren und richtig kam im 2. und 7. Takte das b. Wollte ich
563 5448 6420 5631 nicht das ganze Stück über den Haufen werfen lassen, so mußte ich „dreinsingen“ und den Tenor
548 5616 3686 5799 dadurch emportreiben, was keinen feinen Effekt macht.
1060 5755 6398 5960 Die alten Tonarten veranlassen eine Menge von Querständen; im selben Takte, oft schon
541 5894 6406 6091 die nächste Note darauf folgen sich eis und c, es und e. Man muß bei den Alten die Sänger
541 6047 6398 6245 mit eiserner Energie zwingen, kein oder b hinein zu singen, wo es nicht ausdrücklich steht. Als
563 6201 6406 6457 Regeln gelten hier: Folgen die gleichen Noten hinter einander, so bleibt und gilt das oder b für
541 6369 3612 6640 alle, wenn auch der Taktstrich dazwischen fällt, z. B.
4731 6435 6084 6684 des d e des
2720 6669 6303 6910 Es bleibt b und eis. Tritt aber
2501 6640 2735 6859 p.
2157 6662 2472 6866 3-5-10
936 6625 1426 6983 c.
585 6771 1287 7020 Innek-
2201 6837 4563 7020 eine andere Note dazwischen,
563 6991 6391 7312 so gilt das Vorzeichen nicht mehr; es heißt also d, es, d, e. Hat eine andere Stimme dieselbe Note, z. B.
775 7239 1104 7400 Sopr.
5733 7261 5945 7408 cis
1638 7305 5653 7627 so hat der Sophran eis, der Alt c. Pausen unterbrechen
929 7378 4475 7773 ebenfalls die Wirkung des b oder #, z. B.:
5784 7459 6208 7780 -
826 7612 1097 7802 Alt.
870 7759 6355 7985 Die Musica divina bietet unzählige Beispiele; besonders lehrreich ist hierin die Missa III.
534 7941 6362 8117 von Hasler (eigenes Heft bei Pustet 27 kr. — 8 Sgr.). Es frägt sich nun, wie denn in dieser
541 8080 6384 8285 Messe diese harten Querstände klingen? Gar nicht störend, wenn sie gut und fein ausgeführt wer¬
534 8219 6376 8431 den. Nehmen wir p. 69 der Partitur. Da die letzte Silbe von eleison kurz ist, wird die zweite
534 8402 6347 8585 etwas betont, möge sie auf welchem Takttheile immer sich finden; selbe wird auch nicht kurz abge¬
556 8541 6362 8753 schnitten, sondern es wird lieber fast unmerklich das tempo ritardirt. Da darauf immer die lange
541 8687 6355 8877 erste Silbe von Kyrie folgt, diese noch dazu immer auf eine Syncope trifft, so wird sie stärker
563 8834 6347 9009 (skz.) angesungen. Dieser Contract, so wie die durch das gleichzeitige Athmen aller Sänger ent¬
556 9002 6340 9170 stehende ganz kleine Achtelpause bewirken, daß der Querstand als etwas völlig Neues, von dem Vor¬
534 9148 6347 9404 hergehenden Getrenntes erscheint. Man sehe also die Messe p. 67 an. Nicht Ein Sopran- oder
