6778 10649
380 541 614 797 40
395 805 6275 1148 Alt=Sänger darf das Athmen im 3. Takte nach der dritten halben Note unterlassen, ebenso p. 69,
402 1031 1441 1295 Takt 1, 3, 7, 9.
863 1148 6268 1397 Es liegt auf der Hand, daß die Sänger diesen Schwierigkeiten gewachsen sein müssen und
410 1287 6231 1521 das sind sie, wenn sie 1) richtig athmen gelernt haben, 2) wenn fie nie ein b oder
424 1492 6268 1682 singen, wo es nicht ausdrücklich steht. Man muß also den Sängern auch den Unterschied
424 1668 6268 1858 zwischen den Alten und Modernen in diesem Punkte begreiflich machen. Bei letzteren gilt das
410 1799 6253 1982 b für den Takt, in welchem es steht; bei den Alten nur für die Note, außer es folgen nacheinander
402 1967 4951 2158 lauter gleich lautende Noten ohne Pausen und ohne andere Noten dazwischen!
878 2099 6261 2304 Ein Chorregent, der die alten Meister aufführen will, muß sich klar sein, wie er zu „trans¬
417 2245 6275 2472 poniren“ hat, d. h. in welcher Tonhöhe er ein Stück intoniren lassen muß. Ich stelle ein Schema
417 2414 6275 2596 zusammen: 1) Stücke der 1. Tonart sind entweder zu belassen oder meist um einen Ton zu er¬
424 2582 6275 2765 höhen, z. B. Mus. div. III. p. 178, 71, 461, 530, 534, 474. Nun haben aber die alten
424 2728 6290 2918 Meister die 1. Tonart meist selbst um die Quart (mit Vorzeichnung eines b) erhöht, unserm G-moll
446 2852 6275 3043 ähnlich. Hat man nicht hohe Soprane und Tenore (letztere mit kräftigen Alistimmen gemischt), so
439 3013 6253 3247 thut man gut, die Intonation um einen Ton tiefer zu nehmen, z. B. Mus. div. III. p. 194, 225,
424 3181 5215 3452 253, ferner die „Missa tertia“ von Hasler (dagegen mag p. 290, 450 bleiben).
870 3233 6275 3525 2) Stücke der 2. Tonart haben die Alten immer um die Quart erhöht; es braucht aber
446 3474 6290 3708 oft noch eine um einen Ton höhere Intonation, z. B. Missa „Nos autem gloriari“ von Suriano
475 3620 4279 3840 (Sel. nov. von Proske), Mus. div. III p. 228, 256, 318, 182.
892 3759 6283 4030 3) Stücke der 3. und 5. Tonart bleiben meist in der Lage. Sie sind in der Mus. div. III
432 3884 1492 4154 leicht zu erkennen.
907 4015 6297 4293 4) Solche der 4. Tonart werden um einen Ton erhöht, z. B. Missa „IV. toni“ v. Vittoria
475 4227 6319 4439 (Mus.div. I.) Mus. div. III p. 75, 85, 187, 190. Das Gleiche gilt vom 6. Ton, z. B. M. d. III.
461 4381 2033 4608 p. 80, 242, 270, 202 ac.
907 4498 6319 4776 5) Stücke der 7. Tonart sind um einen Ton zu erniedrigen, z. B. Mus. div. III p. 134
446 4717 4483 5017 und 6, Stücke der 8. Tonart bleiben, wenn sie die Schlüsselgattung
4637 4695 6326 5054 9: in der ur¬
453 4995 6334 5259 sprünglichen Notation aufweisen, z. B. M. div. III p. 282, 325, 90, 126, werden aber oft um einen
3108 5156 4352 5515 #3439: haben.
461 5164 3101 5507 Ton erhöht, wenn sie die Schlüsselgattung
914 5398 6319 5668 Was die Falsi bordoni in Mus. div. III. angeht, so muß der 1. Ton wenigstens um die
490 5573 6304 5785 Sekunde, kann aber um die Terz erhöht werden; der zweite bleibt entweder (mit Vorzeichnung eines
475 5771 6319 5953 (b), oder wird um die Sekunde erhöht. Der 3., 5. und 8. Ton bleiben in der Lage, der 4. und
497 5924 6100 6085 6. werden um die Sekunde höher, der siebente um die Gekunde oder kleine Terz tiefer intonirt.
936 6048 6312 6275 6) Stücke in der jonischen Tonart bleiben in der Lage, oder werden um einen Ton erniedrigt,
483 6217 2874 6465 z. B. Mus. div. III p. 464, 515, 513.
943 6348 6334 6597 Es hängt nämlich auch viel von der Qualität der Sänger ab; sind die Bässe in der Tiefe
475 6538 6326 6685 kräftig, die Sophrane nicht hoch, so intonirt man um einen Ton tiefer und umgekehrt; man into¬
505 6685 6348 6868 nire, wie es die Sänger gut singen und wir es am besten klingt und am meisten
475 6853 6341 7036 wirkt. Auch die Höhe der Orgel hat wesentlichen Einfluß. Bei hoher Stimmung der Ortel ist
483 6999 6341 7160 Alles um einen halben Ton tiefer zu nehmen, als bei liefer Stimmung. So hörte ich die Missa¬
490 7138 5537 7380 Exultet von Witt ganz gut der Orgel wegen um einen halben Ton tiefer ausführen.
965 7277 6334 7460 Es empfiehlt sich, die Messen des 1. Bandes der Mus. div. so zu intoniren: 1., 7., 9. und
505 7445 6348 7657 10. Messe bleiben, wie sie stehen; 2., 4., 5., 6., 8., dazu O quam gloriosum, sind um einen Ton, 11.
497 7606 6348 7782 (wenn mit Alt) um die kleine Verz zu erhöhen; die 3. kann um einen Ton (kleine Terz) tiefer ge¬
512 7745 6326 7943 sungen werden, ebenso „Veni Sponsa Christi, Papae Marcelli, Simile est regnum, Vidi specio¬
490 7906 1733 8133 sam, Trahe me etc.
936 7979 6348 8294 Beim Chorale richtet sich die Intonation nach dem Stimmumfange der Sänger; in der
505 8140 6356 8396 Regel brauchen der 2., 3. und 6. Ton eine höher, der 7., 11., 5. Ton, eine tiefere. Ich füge
512 8352 6356 8564 hier die Frage an: Soll der Dirigent auch bei Ausführung des Chorals mit dem Taktstocke Zeichen
512 8535 6356 8740 geben? Wenn der Chor mit mehr als etwa 6 Sängern besetzt ist, jedenfalls, besonders wenn er
497 8652 6341 8857 nicht selbst mitsingt. Man schlage die Längen herab, die Kürzen (auch wenn deren mehrere sind)
505 8828 6356 9018 hinauf. Besser ist es freilich, wenn es nicht nöthig ist, bei noch so großem Chor. Aber es wird
505 8981 6356 9179 eben meist nöthig sein. Daß es sehr gut und ohne Beeinträchtigung der freien Bewegung des
519 9135 6363 9325 Chorales geschehen kann, haben die Regensburger Chorregenten am 4. und 5. Aug. vor. Is. be¬
505 9267 3723 9501 wiesen; sie geben sämmtlich Zeichen mit dem Taktstocke.
