6819 10618
6249 454 6491 849 41
2707 827 4420 1163 §. 9. Gesangunterricht.
1098 1156 6491 1361 Jeder Unterricht, sein Erfolg hängt von der Person des Lehrenden ab. Als ich im Klerikal¬
644 1310 6476 1500 seminare war, kam der Chorallehrer jede Woche dreimal zu uns ins Museum, in welchem sich 30
637 1478 6483 1690 Alumnen befanden. Da fing er an, einiges zu erklären, vorzusingen, er ließ einen oder den andern
651 1617 6476 1807 singen, der meistens durch irgend eine Sonderbarkeit sei es in der Stimme oder in der Aussprache
629 1778 6513 1939 die Heiterkeit der übrigen erregte. Das war denn auch die Hauptsache. Vom Lernen konnte unter
644 1925 6498 2100 solchen Umständen keine Rede sein. Diese Stunden waren uns die lästigsten in der Welt. Es traf
637 2078 6505 2283 jeden alle 4—6 Wochen, bis er zum Singen kam. — Als ich 4 Jahre später denselben Unterricht
629 2232 6498 2437 übernahm, ordnete ich die Sache so, daß immer höchstens 6, machmal 3, manchmal einer in einer
637 2378 6505 2546 Gesangsstunde beisammen waren. Das hatte den Vortheil, daß ich mich mit jedem eingehend be¬
644 2532 6498 2715 schäftigen, daß ich ihn oft genug zum Singen heranziehen konnte. Ich ließ ihn repetiren sechs, acht
637 2678 6483 2854 Mal. Wir waren in einem gesonderten Zimmer. So hatte jeder zwar die Woche nur eine Gesang¬
659 2832 6483 3029 stunde, statt der 3 früheren, aber in dieser mußte er zwanzigmal mehr üben, als früher, also auch
629 2993 6498 3161 mehr lernen. Als ich das einst einem Bischofe*) auseinandersetzte, antwortete er: Ja, das geht aber
4566 3147 6483 3359 Allerdings, aber das ist ja das
615 3154 4486 3308 am Lehrer aus, der bei jedem immer dasselbe wiederholen muß.
622 3293 6505 3490 Richtige. Der Lehrer ist dazu da, daß die Schüler lernen, nicht daß er eben die Unterrichtszeit
637 3454 1149 3644 ausfüllt.
1098 3622 6483 3798 So war es auch mit den Proben. Ich hielt sehr wenig Proben, aber wie? Es sagte mir
622 3769 6505 3966 einst ein Chorregent, der beiwohnte: „Nun, wie Sie sich plagen!“ Und doch handelte es sich dort
637 3908 6483 4083 bloß um die Missa Papae Marc. und die geht — leicht. Was hätte er bei anderen gesagt? Frei¬
637 4076 2312 4266 lich muß man sich „plagen",
1105 4215 6491 4398 Um übrigens nochmals auf den Unterricht in Clerikalseminarien zurückzukommen, bemerke ich:
651 4369 6498 4530 Es ist vollständig verkehrt, wenn man erst dort den Gesangunterricht anfängt. Derselbe muß in
644 4522 6513 4705 den Knabenseminarien sofort beim Eintritt in dieselben beginnen. Dort ist 1) das Gehör noch viel
644 4669 6527 4852 bildungsfähiger; 2) die Kehle ist noch weicher, die Sehnen 2c. biegsamer und die kehle muß man
637 4837 6505 5020 beherrschen lernen; mancher weiß, daß er anders singen sollte, aber die Kehle gibt ihm nicht mehr
644 4969 6505 5166 nach; 3) dort ist noch mehr Zeit; später werden die Leute mit Gegenständen überhäuft; 4) in
666 5122 6520 5327 jenem Alter (mit 10—12 Jahren) ist die Lust, Singen zu lernen noch größer, als später, wo man
644 5291 6491 5488 wie ein Junge anfangen soll. Dieß ist um so wichtiger in Gegenden, wo kein Volksgesang herrscht,
651 5444 6505 5678 oft also Knaben bis zu ihrem 20. Jahre kaum Ein Lied über ihre Lippen gebracht haben. (Vgl.
651 5583 1785 5832 Fl. Bl. III p. 42.
1112 5730 6520 5949 Welche Hindernisse stehen dem Anfangen in den Knabenseminarien entgegen? Keine. Man
637 5832 6498 6081 kann vielleicht sagen: Wozu jetzt schon unterrichten, da man doch nicht sicher weiß, daß sie einst
666 6037 6513 6249 geistlich werden? Aber — ihr habt sie ja auch aufgenommen (vielleicht gratis) und wißt nicht, wie
659 6205 6483 6366 es einst angewendet wird. Und wenn sie nicht geistlich werden, so haben sie etwas Nützliches ge¬
644 6359 6491 6520 lernt. Ein anderes Hinderniß kann ich mir gar nicht vorstellen. Daß sie die Lunge etc. anstrengen?
651 6513 6498 6681 Man lasse eben nur täglich eine Stunde oder eine halbe Stunden singen, (das stärkt die Lungen) und
644 6666 6491 6878 nicht sofort nach dem Singen kaltes Wasser trinken. Oder Zeitverlust? Man verwendet auf tausend
651 6842 6498 7017 andere Dinge viel mehr Zeit ohne diese Furcht. Oder schlimmen Einfluß der Musik? Wie — die
644 6944 6498 7142 Kirchenmusik soll schlimmen Einfluß haben? Ja, jenes Blasen und Blechmusikbanden=Bilden aller¬
637 7113 6491 7318 dings, das ihr protegirt. Auch jenes Herabsingen und Herabschreien sentimentaler Arien (vielleicht
651 7288 6483 7457 mit frommem Texte, ogl. Witt's c. Broschüre p. 9), Guitarrenlieder und Männerquartette, das ihr
659 7435 6505 7603 protegiret aus Unverstand. Aber ein guter und ächter Kirchengesang!! Laßt nur einmal einen ver¬
666 7581 6498 7771 ständigen Gesanglehrer walten! Oder Nachlassen in den Studien? In der Regel sind in
651 7727 6505 7910 Regensburg die besten Sänger dre besten Studenten. „Von den 14 Särgern des Seminars St.
681 7881 6498 8100 Emmeram dortselbst waren 1868/69 sieben Preisträger, von den 26 Nichtsängern — zwei.“ Alle
644 8049 6491 8232 euere Einwürfe sind durch Thatsachen längst als Gespensterfurcht erwiesen. Ja — aber die Ueber¬
637 8196 6498 8400 nahme eines Domchores durch ein Knabenseminar geht nicht. Warum? Weil wir nicht alle Jahre
651 8357 6498 8510 Soprane haben; heuer z. B. keinen einzigen. Man ließ einen tüchtigen Lehrer suchen — und er
666 8503 4530 8744 fand elf gute Stimmen, wo zuvor keiner vermuthet ward u. s. f.
1098 8635 6505 8861 Was aber sollen sie in den Knabenseminarien im Gesange lernen? Jeder ohne Ausnahme
666 8744 6476 9059 soll alle Gesänge des Priesters incl. das „Exultet“, Anstimmen der Hymnen etc. lernen, kurz Alles,
768 8971 6491 9264 * Bischof Wittmann wollte laut seiner Biographie (von Mittermüller) noch in seinem 63. Lebensjahre Violinspielen
893 9213 6491 9425 lernen der Schulen wegen. (Ich citire aus dem Gedächtnisse.) Und wie viele Tausende von Geistlichen haben es schon
885 9344 5108 9542 bedauert, die Gelegenheit, sich musikalische Kenntnisse zu erwerben, versäumt zu haben.
