6823 10649
373 461 622 769 42
366 769 6252 1018 was man jetzt meist in den Klerikalseminarien lehren will und lernen soll. Wie macht man es statt
373 1003 6260 1179 dessen? Man läßt alle zusammenkommen, und bei wem man „kein Gehör“ zu finden glaubt, den
395 1142 6230 1318 jagt man davon. Soll denn nicht auch dieser, wenn er geistlich wird, einst singen? Oder soll er
388 1311 6238 1508 später als Hans leichter lernen, als jetzt als Hänschen? Was ist also zu thun? Mit denen, die
373 1457 6223 1662 angeblich „kein Gehör" haben, muß man sich mehr „plagen“, dann kommt das „Gehör“ schon und
373 1618 6223 1794 zwar mit ihnen separat, nicht im großen Haufen versteckt. Sind befähigtere da, so bilde man sie
359 1750 6230 1925 vollständig auch für den eigentlichen Kunstgesang (Palestrinastyl) aus und lehre sie in den höchsten
373 1904 3317 2094 Classen die Harmonielehre und das Partiturlesen.
827 2050 6216 2218 Der Gesangunterricht muß obligatorisch werden und sofort mit dem Eintritt in die Knaben¬
381 2211 6208 2409 seminarien beginnen. Solche, die nicht in solchen Seminarien sich befinden, aber doch „geistlich
373 2372 6208 2577 werden wollen“, mache man frühzeitig aufmerksam, daß der Gesangunterricht für solche obligatorisch
835 2526 6223 2738 Ja noch mehr: Es gibt viele Cathedralkirchen, wo die Kirchenmusik sehr ungenügend ist und
388 2519 622 2709 sei.
373 2672 6223 2863 nur besser werden kann, wenn die Knabenseminarien zu derselben herangezogen werben; so in Salz¬
359 2804 6216 2994 burg, Eichstätt, Brixen, Paderborn rc. Hier muß man schon für die Aufnahme Vorkenntnisse for¬
366 2972 703 3155 dern.
813 2965 6238 3155 Ausnahmen gibt es — und diese Vorkenntnisse brauchen nicht im eigentlichen Kunstgesange
388 3133 6238 3309 zu bestehen, sondern in Kenntniß der Tonarten, Taktarten und Intervalle. Oder man verspreche
410 3273 6230 3448 solchen, welche sich im Gesange qualifiziren, statt eines halben einen ganzen Freiplatz, oder gebe ihnen
403 3434 6230 3609 sonstige Vortheile. Ein Ausschreiben der Ordinariate in diesem Sinne wird da Wunder thun. Man
373 3587 6230 3770 beachte ja diesen Vorschlag und wenn vielleicht Hindernisse sich dagegen erheben, suche man ihn zu
366 3748 2409 3910 modifiziren nach den Verhältnissen.
820 3880 6230 4049 Was aber den Gesang in der Volksschule angeht, so müssen alle Kinder zum Volksgesange
373 4049 6208 4210 herangebildet werden, die brauchbareren auch zum Kunstgesange. Welch’ große Fehler da gemacht
373 4195 6223 4378 werden, kann ich bezeugen. Ich höre oft einen Lehrer Unterricht ertheilen. Er ertheilt ihn ganz
373 4342 6230 4517 richtig mit der Geige in der Hand.*) Aber die Auswahl der Lieder! 1) Muthet er den Kindern
381 4510 6223 4686 Intervalle zu, welche schwer zu treffen sind und wenn sie von einzelnen auch richtig, doch von der Masse
366 4656 6216 4832 nur unrein gesungen werden z. B. des h c. 2) Muthet er denselben einen Stimmenumfang zu
373 4795 6223 4986 der größte Theil nicht hat, so daß also die Töne nur falsch, spitz oder gequetscht zum Vorschein
373 4956 6223 5140 kommen. Ein Gesang für die Masse soll über das a nicht hinausgehen; das können alle mit un¬
373 5103 6238 5293 gebrochener Stimme erreichen. Man kann der Masse niemals ein Ausgleichen der Stimmregister
388 5257 6208 5484 zumuthen. 3) Mit welchem Widerstreben haben die Kinder folgendes Lied mit zerbrochenem Ryth¬
359 5418 1157 5659 mus gelernt:
637 5791 6230 5967 Ich kannte einen Chor: so lange der Unterricht mit der Geige ertheilt wurde, lernten die Sänger in der halben
630 5938 6194 6099 Zeit, was sie jetzt vom Clavier begleitet lernen. Die Geige dringt besser durch, kann den Ton nach Belieben aus¬
622 6069 6216 6216 halten, ist ein mehr gesangliches Instrument als das Clavier. Das Clavier nimmt man dann zu Hilfe, wenn
615 6164 6216 6326 es sich um schwer zu treffende Harmonieschritte handelt. Da muß man erklären: So lauten die 2 oder 3 Akkorde,
630 6289 6230 6428 der Sepran bewegt sich so, der Alt so 2c.; z. B. ich erklärte immer die wunderbar tiefsinnigen Harmonieschritte
630 6421 6208 6596 in Fel. Anerios Ostermotett (Mus. div. II.), die letzten 6 Takte von p. 143 und die folgenden vom p. 144
622 6545 1237 6699 am Clavier.
5886 6655 6135 6853 stra
3587 6640 5301 6860 propter de - li - cta no-stra,no
1713 6633 2694 6875 pro-pter de-li-eta
2965 6648 3397 6853 no-stra,
5191 6823 5506 7050 E
4334 6823 4700 7065 10
439 6919 681 7263 P
4188 7050 4664 7263 pt=
4744 7036 5337 7314 3,3,50
1757 6823 2021 7263 Lähmeen
2804 7116 2972 7299 Dr.
4905 7277 5506 7519 no - stra
879 7241 1501 7534 Mor-tu- us
1611 7285 1838 7526 est
2277 7263 2621 7570 pro
4312 7277 4539 7541 cta
2709 7285 3331 7548 pter de-li
4935 7460 6143 7782 li - cta no - stra
1706 7548 2489 7775 pro-pter de- li
3126 7541 3346 7746 eta
3763 7541 4664 7782 pro - pter de
3785 7731 3990 7900 (a)
827 7695 1171 7892 n.
4935 7717 5118 7944 0
1999 7724 2548 7958 franter
1677 7724 1933 7966 10
3734 7826 4232 8075 ii-
483 7826 879 8134 J. F.
3902 7980 4158 8075 2
2665 7775 3148 8229 — — —
5674 8127 6157 8383 no - stra
4956 8185 5176 8383 cta
3155 8185 4246 8397 pro-pter de
600 8346 6216 8515 Macht die zweimal frei eintretende Sextime im Sophran delicta die Sänger schon stutzig, so noch mehr der Ein¬
644 8471 6216 8639 satz des Ed. Das Ganze wird nebenbei gesagt mit höchster Ruhe und Feierlichkeit im langsamen Tempo ganz nach dem
637 8610 6230 8793 Texte deklamirt. Weil ich gerade bei dieser Stelle bin, will ich sie als Beispiel anführen, wie man deklamirt.
630 8734 6230 8932 Die erste von mortuus est wird betont, die übrigen als kurz, ruhig und leicht gehalten; im 4. Takte hält der
630 8859 6223 9020 Sopran das „stra“ ruhig, ebenso der Tenor „eta“ als kurze Silben, während Alt und Baß Hauptsilben haben
622 8976 6260 9144 und schärfer hervortreten. Im 6. Takte dagegen tritt der Sepran und Baß hervor, während Tenor und Alt
630 9086 6223 9305 ruhig liegen. Es sei also nochmals aufmerksam gemacht, daß beim polyphonen Gesange jede Stimme selbst¬
637 9217 1369 9452 ständig betont.
