6858 10622
6268 439 6524 725 43
1113 871 1589 1164 6 f 6 x
1106 1098 1853 1355 D 8 J
4496 967 4913 1186 nur würden
1918 710 2548 1362 II.
2599 945 3346 1391 -19-
3566 1106 4862 1369 Aufgenommen von laßen.
5543 805 6041 1318 5.
666 1281 6532 1567 Wie der Rhythmus im 2. Takte sich ein Bein bricht, ist erklärlich; man hält die Note g zu kurz
688 1494 6539 1684 aus und fährt zu hastig weiter. Es ist ja das etwas Gewöhnliches, daß die Pausen nicht gehalten
674 1655 6532 1838 und der Rhythmus dadurch zerbrochen wird. Wie aber der des 3. Taktes entstanden, was da aus¬
674 1794 6561 1984 blieb, ist mir heute noch ein Räthsel. Und doch habe ich ihn strictissime nachgeschrieben. 4. In
681 1962 6532 2160 der Auswahl der Kirchenlieder wird die allerunglücklichste Wahl getroffen. Es werden jene Lieder
696 2131 6517 2299 gewählt, welche der modernen Kirchenmusik und ihrer Art Melodien zu bilden ähnlich sind. Wir
666 2270 6517 2438 wollen in der Beilage einige Beispiele unkirchlicher Gesänge geben, damit der Geschmack sich
681 2394 6517 2570 daran bilde. *) — Es wäre Sache der Seminarien, den Geschmack so zu bilden, daß die Schul¬
681 2548 6539 2746 lehrer (und Geistlichen) nicht die allerunglücklichste Auswahl treffen und ihren schlechten Geschmack in
674 2709 6546 2922 die Schulen verpflanzen, oder noch besser: Die Vorgesetzten (Ministerien und Ordinariate) gestatten
666 2885 6517 3075 nur mehr gute Lieber, wirklich passende Lieder. Für die Kirche ist wohl das beste Gesangbuch das
674 3002 6502 3200 neue Mainzer. Auch den weltlichen Liedern sollte viel mehr Aufmerksamkeit zugewendet werden,
666 3163 6517 3339 die renommirtesten Sammlungen enthalten ganz unpassende Melodien. In Bezug auf den Umfang der
696 3324 6495 3529 Stimme, den sie erfordern, mache ich auf den Aufsatz aufmerksam in Witt's Flieg. Blätter II p. 11
674 3471 6488 3676 über das „Brust= und Fallsett=Registern“. Man wird die Erfahrung machen, daß manche Gesang¬
659 3625 6510 3815 lehrer Sopranisten zum Alte, Altifien zum Seprane hinstellen. Es gibt unter den Knaben Soprane,
666 3793 6532 3991 deren tiefere Töne, wenn sie die Stimme nicht quetschen und nicht kalbartige Laute hervorbringen
674 3954 6532 4174 wollen, sehr schwach sind; die Höhe macht ihnen keine Anstrengung; da ist der Soprancharakter nun
666 4071 6517 4298 leicht erkenntlich. Es gibt aber Knaben mit sehr kräftiger Tiefe, die das hohe g und a erreichen,
666 4291 6517 4452 aber von ä an bricht sich die Stimme, das Falsett beginnt, die stimme wird dünn, umflort, be¬
666 4394 6517 4606 deckt. Das sind meist (Mezzo=) Soprane, bei denen man die Register ausgleichen, die Töne von
659 4547 4635 4738 an dadurch üben soll, daß man jeden Ton so lange als möglich so:
4664 4723 4957 4957 ppo.
2343 4745 2651 4943 ppo.
4049 4818 4335 5067 dim
3515 4789 3771 5053 ffo.
2914 4877 3288 5060 cresc.
674 5016 6502 5236 aushalten läßt. Dann bildet sich die Höhe prächtig aus und es gibt das Sophrane, deren Klang¬
666 5192 6517 5360 charakter den der hohen Soprane ergänzt. Bei den Alten (Knabenstimmen) bricht sich die Stimme
652 5331 6517 5521 bei a und nachher folgt kein Ton mehr. Die eigentliche Ausbildung der Stimmen geschieht bekannt¬
666 5477 6517 5675 lich durch das Skalensingen und zwar in der Weise, wie ich sie eben schilderte, durch Aushalten
666 5653 1340 5843 des Tones.
1113 5712 6524 6004 Ein großes Gewicht muß auf die richtig-schöne, musikalisch wohllautende Aussprache der
637 5924 6495 6136 Vokale (a, e nicht zu dumpf, nicht so grell, daß es kreischend wird) gelegt werden. Es läßt sich
666 6092 6517 6290 das nicht beschreiben, das Ohr des Lehrers kann allein das Richtige treffen. Es gibt sehr tüchtige
666 6268 6495 6451 Dirigenten, die per excessum und per defectum sündigen (des Guten zu viel oder zu wenig thun).
674 6422 6510 6620 Die Consonten spreche man deutlich, indem man zwischen te und de, hel-lum und pel-lit etc. etc.
674 6576 1801 6803 genau unterscheidet.
1113 6620 6510 6934 Was das Athmen betrifft, so muß es so leicht geschehen, als ob es nicht gschähe. Kennern
674 6839 6502 7074 fiel an den Regensburger Chören am meisten das oftmalige Athmen auf. Athmet man nicht oft,
681 7030 6502 7235 so kann man den zu betonenden Silben nicht den nöthigen Nachdruck geben, abgesehen von anderen
666 7191 6495 7366 Uebelständen. Bei den alten Werken gilt als Regel: Athme nach jedem zwei- oder dreisilbigen Worte,
666 7344 6517 7506 betone aber vor dem Athmen nicht die letzte Silbe, sondern singe diese ruhiger, besonders wenn sie
644 7491 6480 7725 eine kurze Silbe ist; eine längere lasse ruhig verlaufen. Also vor dem Athmen ruhig aufhören
666 7630 6488 7835 Es ist eine Ausnahme, daß Fr. Witt richtig in der Missa II von Hasler nach Kyrie, Christe kein
666 7798 6488 7974 Athmungszeichen angebracht hat, weil die melodische Phrose es nicht gestattete. Trotzdem muß man
659 7945 6517 8165 Kyrie, Christe gut und deutlich von eleison trennen! In der Regel ist aber nach Kyrie, Chrisie zu
666 8091 6488 8296 athmen. Statt aller Regeln verweise ich auf die eben citirte Messe, wo die Athmungszeichen einge¬
659 8238 6495 8428 zeichnet sind. Nach diesem Muster muß es anderwärts geschehen; es ist lehrreicher als alle Regeln.
644 8399 6480 8582 Im Alte besonders fehlen wohl mehrere Athmungszeichen und möge man suchen, wo sie hingehören,
644 8575 6480 8728 wenn man nach Witt's Principien verfährt. Besonders gewöhne man den Sängern den schweren
652 8728 6480 8963 Fehler ab, bei einem Taktstriche zu œthmen, wenn das Wort nicht vollendet ist, oder nicht zu athmen,
762 9043 6510 9329 *) Vergleiche auch die Messe harm. von Fr. Witt in der 6. Musikbeilage zu den „Fliegenden Blättern für katholische
879 9226 1897 9468 Kirchenmusik 1870".
