6781 10639
270 482 497 782 44
270 826 6146 1103 wo doch das zwei= oder dreisilbige Wort schon einen Takt und darüber eingenommen hat. Sehr
256 1023 4048 1374 wichtig bei den Alten ist es zu athmen bei Melismen, wie:
4187 1111 4772 1323 ...
4859 1067 5729 1483 I.
4253 1301 4699 1447 — — —
270 1330 5400 1593 die auch Neuere anwenden (z. B. der Alt in der Lucienmesse von Witt im Benedictus).
723 1527 6124 1725 Wesentlich ist bei Aufführung alter Werke die richtige Betonung der Synkopen. Daß das
278 1666 6124 1878 Betonen der langen Silben bei jeder Art von Musik wichtig ist, brauche ich nicht eigens anzu¬
278 1834 6116 2046 führen; es muß ganz in derselben Weise geschehen, wie im Sprechen, beim Vortrage eines Ge¬
270 1988 6124 2200 dichtes etc., ebenso natürlich, gleichmäßig; man muß deßhalb genau die Betonung und Deklamation
278 2126 6116 2346 der lateinischen Textworte verstehen. Bei den Alten kommt aber noch der Umstand dazu, daß sie
314 2287 4333 2601 sehr häufig auf dem schlechten Takttheil*) lange Silben haben, z. B.
1593 2514 1966 2748 Läheinä,
2777 2521 3106 2755 B
3661 2638 3858 2770 u.
1235 2594 2163 2908 20/11
4596 2316 4881 2923 S3
1235 2777 1469 2930 1
1681 2857 2733 3025 son, ky - ri - e
2908 2821 3486 3018 e - lei —
4750 2879 4998 3025 son.
278 2894 6131 3179 Hier ist nun nicht der Niederschlag zu betonen, sondern die drei mit ¬ bezeichneten Noten; man
263 3164 6102 3332 muß recht Acht haben, daß die Sänger vor Kyrie ruhig athmen und dann das e nicht cresc. singen,
278 3281 6116 3559 sondern eher stz, oder fpo. d. h. die Syncope etwas stärker ansingen und dann nachlassen. Bei
3120 3515 3318 3683 1
256 3515 1615 3902 Rhythmen wie
3208 3581 3953 3946 B. J. A.
2828 3595 3171 3910 Täivä
3990 3610 6116 3917 ist jede Synkope deutlich zu betonen.
3128 3836 3383 3990 —
716 3961 6116 4180 Was das „Treffen lernen“ angeht, so ist die Erlernung eines Instrumentes, besonders der
278 4092 6116 4311 Geige so wichtig, daß die darauf verwendete Zeit sich reichlich lohnt. Wenn ein Sänger sich denken
256 4275 6102 4479 kann, g, c, f, h rc. klingt auf dem Instrumente so und nicht anders, so wird es für ihn bald keine
278 4436 6102 4640 Schwierigkeiten mehr geben. Deßhalb ist es ein sehr weises Statut der Regensburger Seminarien,
270 4567 6109 4786 daß die Sänger Violinspielen lernen müssen. Ich weiß einen nun verstorbenen Chorregenten, bei dem
300 4735 6102 4940 selbst alle Mädchen, die Gesangunterricht bei ihm erhalten wollten, auch die Violin zur Hand
263 4911 5736 5123 nehmen mußten, um wenigstens Leichteres, Gesangstimmen (und das genügt) spielen zu können.
5831 4925 6094 5130 Für
263 5049 4143 5261 zum Kunstgesang Auszubildende ist dieß oder ähnliches unerläßlich.
767 5166 6109 5393 Man hat in neuester Zeit angefangen, selbst Kinder von 3—4 Jahren schon die Anfangs¬
285 5364 6087 5539 gründe der Musik zu lehren.*) Dagegen eine Broschüre von Schmitt über die „Voix mixte“ p. 10:
475 5503 6109 5766 *) Die Alten haben oft auf den guten Takttheilen kurze Silben. Sie hatten eben keine Taktstriche. Hiebei ist sehr
256 5693 6109 5883 zu beachten, daß sie trotzdem kurz gesungen werden. Aehnlich gilt es von langen Silben auf kurzen Takttheilen. Wie
256 5861 6102 6051 man freilich folgende Stelle aus Orlandus's Missa „Pillons“ richtig (besonders das in) vortragen soll, verstehe ich
2587 5985 3040 6248 aina
1703 6043 1922 6306 Välkeitä
256 6080 1330 6343 bis heute noch nicht:
1717 6299 3062 6533 qui venit in no mi ne
512 6445 6080 6650 **) Frau Karoline Wiseneder hat z. B. zu Braunschweig eine solche Schule gegründet. Sie berichtet darüber
278 6577 6116 6781 „Ein Unterricht, wie ich ihn bis jetzt schilderte, kann jedoch Nichts von dem erreichen, was ich am Anfange meiner
270 6745 6116 6884 Mittheilungen für die Gesammterziehung als unerläßlich in den ersten Lebensjahren, — also vor dem schulpflichtigen
285 6869 6102 7008 Alter — bezeichnete. — Um diese Forderungen zu verwirklichen, gab ich meiner Schule eine Vorstufe bei, wo
256 6979 6094 7139 Knaben und Mädchen im Alter von drei bis sechs Jahren sich regelmäßig versammeln, um unter tüchtig durchgebil¬
270 7118 6109 7249 deter, mit liebevollstem Eingehen auf die Kinderwelt verbundener weiblicher Letung alle die im Menschen ruhenden
263 7227 6087 7373 Keime zu erwecken und zu beleben, wie es im Sinne einer Alles beobachtenden Mutter geschehen kann. Die Sinnes¬
263 7359 6102 7541 eindrücke erwachen bei kleinen Kindern am Lebendigsten unter den Einflüssen ihrer Spiele, weshalb in dieser Vorstufe
256 7497 3303 7658 aller Lehrstoff nur als Spiel — im Fröbel'schen Sinne
3500 7497 6094 7636 gegeben wird. Das Folgende mag jedoch Zeugniß
270 7592 6087 7782 ablegen, wie viel damit erreicht werden kann, wenn jenen absichtslos scheinenden Spielen sich ein erziehendes Bewußt¬
270 7702 928 7907 sein beigesellt.
512 7848 6080 7987 Als zum Zwecke dienend sind von mir für diese Vorstufe aufgenommen: Kleine Gedächtnißübungen, Finger¬
278 7943 6102 8119 Glieder= und Marschirspiele, Gesang und Zusammenwirken rhythmischer und musikalischer Hülfsmittel, unterstützt durch
278 8097 6116 8228 das Pianoforte. — Ein nothwendiger Theil des Ganzen sind die Gedächtnißübungen; alles dem Kinde Zusagende
256 8236 6102 8389 oder Behaltenswerthe läßt sich in sie verlegen, und unbewußt machen sie das Ohr empfänglich für den Klang des
270 8323 6109 8477 Reims, das Steigen und Fallen der Stimme, die rhythmischen Einschnitte, und fordern außerdem zu deutlicher Aus¬
1067 8455 6109 8608 Die frühe Entwicklung der Hand durch Finger= und Gliederspiele ist eine längst anerkannte Noth¬
292 8462 877 8630 sprache auf.
270 8586 6109 8732 wendigkeit, deren Vernachlässigung sich in allen späteren Lebensverhältnissen kundgibt. Vierjährige Kinder machen hier
270 8703 6109 8835 unter dem Sprechen kleiner scherzhafter Reime bei richtiger Handstellung die verschiedensten Uebungen für das beim
278 8813 6116 8974 Clavierspielen nöthige einzelne Erheben der Finger, welches einige Jahre später schon viel größere Schwierigkeiten mit
285 8952 6124 9091 sich führt, denn zehn= bis elfjährige Knaben, wenn sie dann erst in die Schule eintreten, können oft in Hand= oder
285 9076 6109 9251 Fingerbewegungen nicht den kleinsten Theil von dem leisten, was die Kinder der Vorstufe ausführen. Werden die
278 9207 6116 9332 Kleinen dann aus dieser in die wirkliche Schule versetzt, arbeiten sie mir den Notensiguren meistentheils mit staunens¬
285 9317 6124 9500 werther Geschwindigkeit. — Daß in einer Musikschule das Taktgefühl vollständig zum Durchbruch komme, muß eine
