6764 10594
6161 497 6395 760 45
541 767 6373 1016 „Knaben und Mädchen benutzen zum Singen noch immer den Sprechton oder sie schreien (ich be¬
541 994 6395 1177 daure Herrn Schmitt, wenn er Knaben noch nie hat schön singen hören: für den Chorgesang sind
541 1147 6417 1330 sie geradezu unübertreffliches Material); es ist ein arger Unfug und Eingriff in die Natur, Kinder
541 1301 6381 1484 singen zu lassen; Kinder überhaupt zur Musik anzuhalten, ist ganz und gar unpassend etc." Meine
548 1425 5343 1637 Ansicht ist die geradezu entgegengesetzte, ich kenne nichts Passenderes, Natürlicheres
1001 1586 6381 1776 Wie naturgemäß das Singen ist, ergibt sich aus der Thatsache, daß, wenn man jungen
541 1732 6381 1951 Leuten auch das Singen verbieten wollte, sie doch singen würden, aber statt in geregelter in regel¬
548 1915 6402 2098 loser und darum eher gefährlicher Weise. Kurz die weltbekannte Sangeslust der Kinder widerlegt
548 2076 6388 2266 euch und die Praxis beweist, daß meist auch vom Singen (Choral) das Sprüchwort gilt: Was
541 2222 6395 2412 Hänschen nicht lernt, lern! Hans nimmermehr. Somit lasset die Kinder singen, je eher, desto besser.
548 2368 6410 2551 Aber lasset sie nicht schreien! Man hört oft: Der oder jener hat eine scharfe, eine knautzende,eine
555 2529 6395 2719 gellende Stimme! Nein — sondern er gebraucht sie nur falsch. Er muß sie so weit mäßigen, bis sie
548 2704 6388 2872 angenehm wird. Sobald die Stimme unangenehmt wird, kommt es in der Regel vom Schreien.
1001 2828 6402 3048 Kurz alle Fehler unserer Sänger stammen von den Gesanglehrern, dem Mangel einer oder
555 2916 6373 3187 der Falschheit ihrer Methode, von ihren geringen Kenntnissen oder ihrere Gleichgiltigkeit, von Energie-
570 3106 4875 3333 oder Geschmacklosigkeit, von dem Mangel eigener gründlicher Durchbildung
541 3238 6388 3516 ihrer Hauptaufgaben sein, denn von ihm durchströmt vermitteln sich alle Lebensbeschäftigungen weit leichter, und einmal
577 3442 2887 3603 gewonnen, ist es unzerstörbar im Menschen. —
2945 3457 6381 3625 Einzelne Kinder geben mit zwei bis drei Jahren schon Proben ent¬
577 3603 6395 3749 schiedenen Taktgefühles, von diesen habe ich weiter Nichts mitzutheilen; daß aber alle Kinder schon in den ersten Jahren
548 3691 6395 3859 dafür gewonnen werden können, diese Ueberzeugung gab mir erst die Leitung meiner Schule. Es wurden schon Kinder
555 3830 6395 3991 darin aufgenommen, welche länger als zwei Jahre bedurften, um mit Anderen gemeinschaftlich nur das taktmäßige
563 3939 6315 4122 Heben und Senken der Hand auszuführen; würde man diese mit neun bis zehn Jahren nicht als „gänzlich talentlos
592 4071 6373 4239 für Musik bezeichnet haben? Es gelang mir nur auf dem Wege des Spiels, ihnen die mangelnde Fähigkeit anzuer
577 4203 6395 4349 ziehen, da der Leser sich schon überzeugt haben wird, daß alle Beschäftigungen in dem Kernpunkte zusammenfallen: das
577 4334 6395 4466 Gefühl erst durch die Sinne und dann durch den Geist zum lebendigen Bewußtsein zu bringen. — Die Marschirspiele
592 4429 6388 4612 sind nur die kräftigere Wiederholung der Finger= und Gliederspiele, und ihr Nutzen auf Tact und Haltung, namentlich
570 4553 6388 4736 bei Knaben, sehr hervortretend. Es ist sicher ein erfreuender Anblick, wenn in den obern Classen Alle mit kleinen Ge¬
563 4685 6402 4853 wehren versehen — als Schießwaffe nicht zu gebrauchen — unter Leitung ihres Exerciermeisters mit größter Präcision
577 4802 6395 4963 die militärischen Commando's ausführen. — Das unerläßlich und am Schnellsten wirkende Mittel, den Sinn für
563 4911 6402 5094 Musik zu wecken, ist ferner der Gesang. Er wird in allen Classen mit Vorliebe gepflegt, aber gerade in der Vor¬
577 5058 6417 5233 stufe mit der Aufmerksamkeit behandelt, welche durch die Erwägung, daß sich beim Kinde in den ersten Lebensjahren
570 5167 6388 5343 der spätere, nach allen Seiten bildungsfähige Mensch entwickeln soll, geboten erscheint. Meine dabei gemachten Er¬
577 5284 4575 5474 fahrungen veranlassen mich, diese Beschäftigung etwas ausführlicher zu besprechen.
819 5328 6373 5577 Jeder Arzt bestätigt, daß das Singen auch bei den kleinsten, dazu befähigten Kindern wohlthätige Wirkungen an
570 5467 6395 5715 ihre Lungen ausübt; mithin braucht kein Kindesalter davon ausgeschlossen zu werden, doch ist es Aufgabe einer sach¬
548 5628 6410 5818 kundigen Leitung, das richtige Maß von Stimmenumsang und Zeitdauer inne zu halten, kleine Unpäßlichkeiten, wie
577 5774 6388 5942 Heiserkeit, Reiz zum Husten u. dgl. schonend zu berücksichtigen und namentlich keinen Zwang eintreten zu lassen. Das
555 5920 6395 6066 gesunde Kind soll nur singen aus Freude am Gesange. — Jede größere Vereinigung von Kindern zeigt indessen Ein¬
563 6044 6322 6205 zelne, welchen die Fähigkeit zu singen fehlt. Die allgemeine Ausdrucksweise dafür ist: „Das Kind hat kein Gehör
563 6154 6402 6315 oder: „Das Kind hat keine Stimme“. — Um indessen in befriedigender Weise das zu erzielen, was der Musiker als
577 6286 6388 6454 „reines Gehör“ bezeichnet, müssen drei Factoren thätig sein und sich im normalen Zustande befinden: das Ohr, um
555 6388 6381 6556 den gebotenen Ton aufzufassen, der Kehlkopf, um ihn wiederzugeben, und der vorstellende Wille, die Ausführ
555 6512 6381 6688 ung der Aufgabe folgen lassen zu können. — Bei manchen Kindern sind diese Erfordernisse von Natur schon so vor
563 6622 6402 6804 trefflich eingerichtet, daß es nur geringer Nachhülfe bedarf, um sie in kurzer Zeit als Leiter für den Gesang der Uebrigen
570 6775 6388 6943 zu benutzen, aber es gibt auch sehr viele sogenannte „simmlose“ Kinder. Ein Unterschied, welcher dabei obwaltet, läßt
541 6885 6388 7046 mich die Letzteren in zwei Classen theilen. Die eine derselben zeigt Kinder, welche Tonsinn besitzen, denn sie brin¬
577 7002 6373 7185 gen ein Steigen oder Fallen der Töne hervor, aber Alles, was sie singen, ist unrichtig, ja so gänzlich falsch, daß sie
548 7133 6395 7294 jede Melodie dadurch vernichten, aber — sie singen doch Töne. Kinder der anderen Classe singen gar keinen Ton
577 7250 5467 7433 sie geben statt des Tones nur ein unartikulirtes Brummen, das selbst im Ensemble unerträglich ist.
797 7367 6395 7550 Ich schließe meine Mittheilungen nach selbstgemachten Erfahrungen nun mit dem die Oeffentlichkeit nicht mehr
563 7426 6402 7667 scheuenden Ausspruche: daß alle normal beschaffenen Kinder bei richtiger Behandlung das sogenannte „reine Gehör“ in
548 7594 6402 7791 den ersten Lebensjahren erlangen können, mich darauf stützend, daß nach fast fünfjährigem Wirken unter Hunderten
555 7733 6395 7893 in meiner Schule sich nicht Eines zeigte, welches unfähig gewesen wäre, eine Melodie rein wieder zu geben. Einzelner
577 7850 6395 8047 Fälle gedenkend, will ich nicht unerwähnt lassen, daß fast ein Zeitraum von drei Jahren dazu erforderlich war, ich
555 7981 6402 8178 habe aber auch keinen Grund zu verschweigen, daß Kinder, welche man mir als gänzlich „stimmlos“ übergab, bei ihrem
563 8091 4509 8274 Eintritte in die städtische Schule sofort zu kleinen Solosätzen verwendet wurden.
804 8149 6424 8427 Die Mittel, deren ich mich dafür bediene, sind einfach. Nie lasse ich die Kinder ohne Begleitung des Pianoforte
563 8325 6402 8537 singen, oder setze ihren Gesang einem mangelhaften Accompagnement aus. Alles, was sie singen oder sprechen sollen,
570 8471 6395 8639 hören sie vom ersten Augenblicke an so untadelhaft, als es eben zu geben ist, und nur diesem Grundsatze kann es zu¬
577 8610 6373 8770 geschrieben werden, daß Ohr und Kehle immer in gleichmäßiger Bildung begriffen sind. Mit der Gewißheit aber, das
570 8727 6388 8902 alle Kinder bei nicht ruhender Aufmerksamkeit schon bis zum schulpflichtigen Alter ein „reines Gehör“ erlangt haben
563 8822 6388 9012 können, hoffe ich namentlich Kindergarten- und Bewahranstalten ein weites, noch unbebautes Feld eröffnet zu haben
563 8953 6402 9129 Möchten die Leiter derselben nicht achtlos daran vorübergehen! — Die Fülle meiner musikalischen und rhythmischen
548 9077 6410 9267 Hülfsmittel hier zu erörtern, verbietet mir der Raum, doch werden darauf bezügliche oder meine Präparandenanstalt
555 9172 4078 9399 betreffende Zuschriften stets gern und ausführlich von mir beantwortet."
811 9341 2894 9531 Frau Wiseneder ist vor Kurzem gestorben.
