6837 10622
344 497 593 805 46
797 775 6203 1039 Die Neue Zeitschrift für Musik (vom 14. Oktober 1870) schreibt: Am Sonnabend den
1953 1017 6188 1207 jeden Halbjahres zu geschehen pflegt, die Wiseneder'sche Musikbild¬
344 1024 1880 1222 1. hielt, wie es zu Ende
1931 1170 6218 1397 schweig unter Leitung von Frl. Louise Vorhauer eine Prüfung mit ihren
351 1170 1880 1346 ungsschule in Braun
351 1324 6218 1507 kleinsten Zöblingen ab. Wir haben schon oft Gelegenheit genommen, der Unterrichtsmethode unsere
351 1470 6218 1675 Anerkennung auszusprechen, und wir können auch dieses Mal nur wiederholen, was wir zu Gunsten
336 1646 6203 1821 derselben erwähnt haben. Auch bei der gegenwärtigen Prüfung überraschte die zahlreich erschienenen
351 1792 6203 1968 Zuhörer die Taktfestigkeit, welche die kleinen Musikanten von drei bis sechs Jahren sowohl bei ihren
366 1938 6218 2121 Gesang= wie Instrumental=Vorträgen zeigten. Die Prüfung legte wiederum Zeugniß ab, wie sehr
351 2085 6203 2275 die musikalische Ausbildung erleichtert wird, wenn der in jedem Menschen wohnende musikolische Sinn
336 2246 6218 2414 von der ersten Kindheit an spielend erweckt und fortgeleitet wird. Die fortdauernde Ausbildung des
344 2421 6210 2604 musikalischen Sinnes freilich ist eine Hauptbedingung, wenn der erste in der Kindheit gelegte Keim
351 2538 6203 2780 für das reifere Alter nutzbringend werden soll. Die zum Vortrag gebrachten Gesänge waren der
351 2743 4426 2933 „Auswahl von Liedern und Spielen" von C. Wieseneder entnommen.
2348 2992 4170 3299 §. 10. Geistesgegenwart.
790 3321 6181 3555 Es passiren einem Chorregenten allerlei widrige Zufälle, die auch der beste nicht vorhersehen,
344 3519 6203 3679 also auch nicht hindern kann. Ich rede nicht davon, daß die Sänger manchmal fehlen, wo man es
351 3643 6181 3833 für unmöglich hält, wo man ihnen also den Ton nicht oder nicht laut genug angibt. Ich hatte ein¬
322 3811 6181 3987 mal Zangl's Haec dies ohne Probe aufgelegt. Die Orgelstimme besteht aus drei Blättern. Da auch
336 3943 6203 4118 Orchesterstimmen ad lib. dabei sind, die wir nicht gebrauchten, so legte der die Stimmen Auflegende
336 4111 6188 4287 dem Organisten bloß zwei Blätter hin, das mittlere Blatt lag unter den Orchesterstimmen. Als
344 4250 6203 4462 wir zur Eughette „Alleluja“ kamen, merkte der Organist, daß er ja in ein ganz anderes Stück (es
322 4404 6188 4608 ist nämlich noch ein zweites, ein „Veni“ dabei) gerathe. Zum Glück geht die Orgel bloß mit den
336 4572 6196 4747 Singstimmen. Ich ahne sofort das Unglück, greife nach den Stimmen, suche das mittlere Blatt der
344 4733 6188 4923 Orgelstimme, eile zur Orgel und zeige auf die Stelle, wo inzwischen die Sänger, die trotz ihrer
344 4872 6188 5106 Ueberraschung muthig fortgesungen hatten und sich nicht hinauswerfen ließen, angelangt waren. So
322 5040 5625 5267 war die Gefahr, ohne auch nur von den Hörern bemerkt worden zu sein, glücklich vorüber.
805 5208 6181 5413 Ein andermal sangen wir ein sehr leichtes Motett von Wesselack ohne Probe zum ersten Male
344 5325 6188 5530 Die Stimmen waren frisch geschrieben und der Notenschreiber hatte den Violin=Schlüssel in den Alt¬
373 5508 6188 5691 schlüssel umgeschrieben; plötzlich bemerke ich, daß meine Altisten sehr tief hinabsingen — der Noten¬
366 5676 6210 5845 schreiber war mitten im Stücke in den Violinschlüssel hineingerathen. Ich die Partitur nehmen, den
336 5823 6188 6028 Altisten hinlegen, mit dem Finger auf die Noten zeigen, war ein Moment; es war höchste Zeit, um
336 5976 6196 6218 das Stück noch zu retten. Daraus ziehe man sich die Lehre, niemals Stimmen zu gebrauchen, die
322 6108 1448 6357 nicht revidirt sind.
775 6276 6188 6481 Beim Musikfeste in Regensburg am 4. August 1869 entstand während des Liszt'schen Ave
322 6437 6181 6657 maris stella eine Pause von c. einem halben Takte (mehr als in der Partitur stand), als die Orgel
322 6642 6181 6818 einsetzen sollte. Der Orgelzieher hatte nämlich geglaubt, weil das Stück so lange ohne Orgel ge-
344 6759 6196 6979 gangen war, sie werde gar nicht gespielt. Dann bekam er freilich schnelle Füsse, als nach der Orgel
336 6920 1170 7154 gerufen ward.
768 7037 6174 7315 Bei der ganz nämlichen Produktion mußte Witt durch einen Zufall mit den schwächsten Sän¬
322 7183 6188 7439 gern beginnen. Um 8 Uhr hatten nämlich die Seminaristen von St. Emmeram eine Leiche. Ihr
322 7395 6181 7571 Direktor bestimmte, statt der besten Sänger, welche die Leiche traf, sollten die schwächeren dieselbe
329 7542 6159 7732 sammt Requiem singen. Das wurde so verstanden, als ob die besseren wohl die Leiche machen und
329 7710 6174 7900 dann zur Produktion gehen sollten, während die schwächeren zum Requiem gingen. So kam es, daß
315 7834 6174 8046 Witt, der an diesem Tage von Besuchen überlaufen war und die Vollziehung seiner Bestimmungen
315 8003 6181 8200 nicht selbst überwachen konnte, um ½9 Uhr die erste Produktion vor den Gästen mit seinen schwächsten
315 8171 6174 8339 Kräften (darunter ein Tenor und 2 Bässe), im Ganzen elf Leutchen beginnen mußte. Das machte
315 8324 6174 8507 nun allerdings weniger bei einem Chore, der Sonntags vorher die Missa Papae Marcelli 6stimmig
315 8478 6181 8661 aufgeführt und dabei die 3 Solosätze Christe, Crucifixus, Benedictus, jeden von andern Solisten
322 8624 6181 8837 hatte vortragen lassen. Trotzdem war es fatal, wenn auch die Zuhörer Nichts merkten von den
322 8756 6174 8990 „schwächsten“ Kräften. Erst gegen 9 Uhr kamen die besseren erhitzt und athemlos an und verstärkte
322 8902 2056 9180 sich der Chor auf 16 Mann.
768 9049 6152 9327 Solche und ähnliche Zufälle, die sehr störend sind, wird jeder Chorregent erleben. Ich
300 9246 5874 9517 könnte noch manche erzählen. Allein das Thema ist doch unerschöpflich. Ich eile deßhalb zum
