6719 10625
6118 514 6368 770 47
2766 814 4086 1137 Schlußwort.
932 1115 6324 1365 Die kath. Kirchenmusik hat bisher sehr viel dadurch zu erleiden gehabt, daß sie zu viele Com¬
484 1335 6346 1511 ponisten hat, besonders „auf dem Lande“, d. h. überall, wo die Musiker selten Gelegenheit haben
492 1511 6295 1709 können, sich zum Höheren auszubilden. Es componiren so viele, die nie viel gelernt und die auch
470 1643 6331 1849 keinen Beruf haben zum Componiren! Wo nur irgend Jemand ist, der einen 4stimmigen Satz
499 1790 6331 1995 setzen oder auch nicht setzen kann, der schreibt für „seine Verhältnisse“. „Anderes können wir nicht
477 1966 6361 2172 brauchen; wir bringen es nicht zusammen.“ Nun ist das „Andere“ oft viel leichter, als das selbst
492 2120 6353 2304 Componirte! Aber an letzteres setzt man so viel Zeit, Mühe, Proben rc., bis es eben geht. Bei
492 2274 6339 2450 „anderem“ strengt man sich nicht halb so an! dadurch kommt es, daß unsere Chöre eine Menge
492 2406 6339 2612 Musikalien erhalten, die gar keinen Werth haben, daß unendlich viel Zeit, Mühe, Opfer, die man
506 2582 6353 2802 besser verwerthen könnte, an Werke verschwendet werden, die es nicht verdienen. Es muß ja nicht
499 2707 6346 2927 jeder ein Componist sein, der heute componirt und aufführt; kaum ist er 14 Tage todt, oder von
521 2883 6331 3074 seiner Stelle weg, ist er vergessen — kein Mensch führt ihn mehr auf!! Vestigia terrent! Bedenket
499 3030 6331 3213 es wohl! Nach einer Aeußerung Witt's zu schließen (Fl. Bl. III p. 94 Note) legt er das Haupt¬
506 3191 6346 3411 gewicht seiner Thätigkeit nicht auf das Componiren, sondern aus das „Agitiren.“ Freilich find
506 3316 3734 3573 ihm seine Compositionen ein Hauptmittel zu agitiren.
939 3492 6361 3675 Der alte Wiener Musikalmanach vom Jahre 1796 enthält folgende Stelle: „In Böhmen war es
492 3646 6353 3837 vormals Sitte und Schulmeisterspflicht, daß der Vorsteher der Schule alle Jahre eine neue Messe selbst
492 3808 6353 3976 verfaßte, und wenn er diesen eingeführten Brauch versäumte, für einen Pfuscher angesehen
492 3947 6324 4138 ward." Man kann sich denken, was dabei herauskam, wenn jeder Schulmeister in der Angst,
484 4116 6361 4292 widrigens für einen Pfuscher gehalten zu werden, darauf los verfaßte! „Und die Leichtigkeit, Mozart
492 4255 6353 4453 und Haydn in äußerlichen Wendungen und Phrasen nachzuahmen, brachte das Unheil auf den
506 4394 6295 4607 Gipfel“ sagt Ambros. Heut zu Tage aber ist es ganz dasselbe: es schreibt jeder „für seinen Chor“
499 4534 6346 4754 d. h. ˶leicht", aber leider „leicht“ in doppeltem Sinne. Nun bitte ich aber, nur die Eine Frage
506 4688 6346 4901 aufrichtig, nicht in Selbsttäuschung zu beantworten: Habt ihr schon auf Jemand mit solchen
506 4871 6339 5040 „leichten“ Sachen Eindruck gemacht? Oder habt ihr, wenn ihr a la Diabelli, Kempter etc. compo¬
506 5003 6331 5231 nirt, bloß auf die Sinnlichkeit Eindruck gemacht, was noch schlimmer ist? Wozu demnach componiren?
954 5157 6339 5326 Unsere Lage ist also durch diese Componisten eine sehr kritische und schlimme Lage und sie
492 5297 6331 5495 kann erst besser werden, wenn man seinen größten Ruhm nicht in das Hinschreiben „leichter Kirchen¬
492 5443 6324 5634 musik" setzt, sondern in das Sichausbilden als tüchtiger Dirigent, der mit seinem Chor wirklich ge¬
492 5605 6339 5825 diegene" (nicht bloß „leichte") Werke entsprechend zur Aufführung bringen kann! Kurz: Wir
506 5759 6331 5950 brauchten mehr tüchtige Chorregenten! Da hat mir einmal ein „Componist“ eine Reihe
492 5913 6353 6104 von Stücken zugesendet (es war die Autographie derselben schon beschlossen), ich solle die Dedikation
484 6052 6324 6250 annehmen. Ich dankte, antwortete: der Inhalt sollte mehr vertieft werden und ähnlich. Die Sachen
477 6243 6339 6412 erschienen acht Tage darauf und waren einem andern dedizirt. In allen Zeitungen erschieden die
484 6368 6331 6551 herrlichsten Berichte etc. etc. Das Geschäft schien gut zu gehen, denn kaum waren wieder 8 Tage
477 6522 6339 6705 vorüber, so erschien vom Autographen eines Nachmittags um 2 Uhr persönlich überbracht eine neue
499 6661 6324 6859 Sammlung mit Dedikation. Ich wollte der guten Sache dienen, weil ich die Publikation offenbar
470 6837 6317 7021 nicht aufhalten könnte, corrigirte an 3 Nummern etwa zwei Stunden herum, konnte aber wegen
470 6977 6331 7160 Berufsgeschäften nicht fortfahren bis nächsten Morgen (8 Uhr) darauf. Kaum hatte ich die Stücke
462 7131 6324 7336 wieder zur Hand genommen, so erschien der Autograph, forderte die Sachen zurück, „er müsse zur
462 7292 6317 7461 Stunde die Arbeit beginnen.“ Ich schrieb also an den Autor einen Brief, worin ich ihm den Her¬
484 7446 6317 7630 gang erzählte und beiläufig damit schloß, „daß ich mit solcher Fabrikation nichts zu thun haben
470 7600 6302 7762 wolle." — Das machte aber Nichts. Der Autor veröffentlicht ein „leichtes“ Werk um das andere,
462 7732 6302 7908 alle Blätter sind voll seines Ruhmes, seine Collegen sind in voller Thätigkeit und Pfarrer und
470 7886 6331 8085 Kirchenverwaltungen geben ihr schönes Geld aus für... Es ist eine alte Geschichte
470 8070 5620 8305 und doch ist sie ewig neu und wem sie just passirt, dem bricht das...... entzwei!
910 8187 6331 8371 Nun haben wir auch mehrere recht gute Componisten! Die setzen sich hin und componiren
462 8349 6302 8532 prächtig, aber sie bekommen entweder keinen Verleger, oder wenn, kein Honorar, und wenn auch
440 8503 6302 8693 dieses, so hat der Verleger Schaden, weil er höchstens, wenn es gut geht, 100 Exemplare absetzt,
440 8657 6302 8833 und somit nimmt er ein zweites Mal nichts mehr. Woher nun dieses? Wir haben keine Chöre,
433 8781 6331 9002 welche fähig sind, tiefer gedachte (wenn auch nicht schwere) Werke aufzuführen und gerade diese
455 8965 6287 9134 Componisten sind es, welche andern sagen und zeigen könnten, so und so müßt ihr
455 9119 6302 9310 es machen, das Tempo so nehmen, so betonen, damit es recht wird. Aber das will
440 9258 6302 9464 man nicht! Es ist freilich bequemer zu componiren als zu unterrichten. Da schreibt mir Jemand:
