6760 10628
745 512 994 760 48
760 745 6569 1038 „Das Werk, das ich edirt habe, wird in meiner Gegend freilich keinen Absatz finden, ich verlasse
731 987 6569 1169 mich dabei auf Sie!“ O sancta simplicitas! Ich kann den Absatz eines Werkes (einige wenige
731 1147 6577 1337 Exemplare abgerechnet) weder fördern noch hindern. Ich will euch Componisten aber sagen, wie ein
731 1301 6569 1476 Werk guten Absatz findet. Da ist z. B. der „Regensburger Liederkranz“ ganz ausgezeichnet gegan¬
723 1462 6569 1622 gen und hat der Verleger ein wahrhaft glänzendes Geschäft gemacht. Warum? Es sitzen vier bei¬
745 1622 6562 1805 sammen und probiren ein Lied; siehe, es geht passabel und es gefällt. Und andere hören das Lied
716 1761 6555 1958 und wollen die Sammlung auch haben, „das könnten wir ja auch zusammenbringen“ etc. Seht,
723 1907 6569 2083 das ist der einzige Weg! Die Leute müssen etwas kennen lernen und praktikabel finden. Wenn
723 2053 6569 2258 also der gedachte Herr gemeint hat, ich solle ihm den Absatz vermitteln, so heißt das so viel als:
731 2221 6555 2426 Gehe hin zu allen Cäcilienconferenzen, überhaupt wo viele Betheiligte beisammen sind, laß meine
731 2360 6555 2558 Sachen singen, dirigire sie excellent, wähle so aus, daß Alle Muth auf die Sammlung kriegen etc.!
709 2528 6562 2711 Nun haben sie in jener Gegend „Cäcilianer“ zu hunderten, sie dürften nur die Provinz auf und
723 2696 6569 2894 abziehen, Conferenzen halten und Proben — so müßte das Werk gehen, denn es ist gut —; nun
723 2813 6562 3018 aber ist jener Verein todt, d. h. er hält keine Conferenzen, die Vorstände agitiren nicht, und
738 2974 6577 3179 somit bleibt auch das Werk wie Blei auf dem Lager trotz aller Empfehlungen. Euere Schuld, euere
723 3157 6562 3354 größte Schuld! Seht, das ist der große Vortheil des Vereines, man hat ein Recht innerhalb des¬
731 3281 6548 3486 selben fürs Gute zu agitiren, durch persönliche Thätigkeit durch das lebendige Wort einzu¬
731 3442 6518 3654 greifen. Bis in die neueste Zeit ist für die Reform ein falscher Weg (Ausnahmen abgerechnet)
709 3617 6548 3793 eingeschlagen worden, es war der weg des Papiers nicht der Weg der Thaten! Man hat edirt,
731 3741 6555 3939 schön und gut edirt, componirt, schön commonirt, aber keine Chöre dafür geschaffen. Das überlaßt
702 3880 6562 4063 man dem lieben Gott, wofür wäre er da, und Hrn.... „wofür empfinge er so große....? Da
723 4041 6562 4231 sagen nun die guten Componisten, man solle gegen die „moles rudis et indigesta“ das kritische
709 4202 6555 4421 Messer schärfer schleifen! Sehr wahr! Aber nach eueren Compositionen fragt doch Niemand, weil
694 4348 6548 4582 ihr die Chöre nicht bildet, die sie nicht verhunzen! Man muß also bei der „moles..“ bleiben.
687 4494 2170 4735 Vgl. Fl. Bl. V p. 26
1169 4648 6540 4903 Ich wiederhole die große Lehre, welche die Geschichte gibt: Die tradition, Mozart's, Spon¬
702 4728 6540 4991 tini's Opern aufzuführen ist verloren, man kann die Freischütz=Ouverture nicht mehr dirigiren, ge¬
723 4969 6562 5159 schweige Beethovens Symphonien, und dieß, obwohl diese Männer ihre Zeit selbst in iHre Werke ein¬
694 5108 6533 5298 geführt haben! Was wird den modernen Kirchencomponisten geschehen, die gar nicht daran denken,
709 5269 6518 5429 daß sie in ihre Werke selbst einzuführen hätten! Und wenn sie daran denken, so ist es jedem Chor¬
702 5444 6540 5649 regenten lieber, daß er das Werk verdirbt, als daß  er dem Componisten den Direktionsstab ab¬
687 5568 6533 5758 tritt! Denn es wäre ja ein völliger Verlurst seiner Ehre, wenn er einen andern an seinen Platz
687 5714 6548 5934 ließe! Während man es in der Oper für selbstverständlich hält, daß der Componist sein Werk selbft
702 5926 6540 6080 einstudire und auch die höchst gestellten k. k. Hofkapellmeister es als natürlich ansehen, daß des Com¬
709 6021 6548 6226 ponisten Wille und Direktion allein gelte, würde so ein Kirchenmusik=Taktschläger es für eine Schande
702 6182 6548 6379 ansehen, einen Componisten einzuladen, ja auch nur zu fragen: In welchem Tempo ist das Werk
687 6328 6533 6518 zu nehmen, wie aufzufassen? Fiat justitia, pereat mundus! Wenn nur er Takt schlagen kann, mag
702 6496 6518 6672 das Werk verhunzt, mag das Volk blödsinnig werden von seiner Musikmacherei oder Musitmörderei!!
1162 6635 6526 6825 Also die Geschichte sagt: Mag ein Componist C. G., B. M., I. E. H. oder F. W. heißen,
702 6796 6540 6979 ihre Werke sind im Voraus todt, wenn sie nicht Agitatoren und zwar geniale sind oder finden, welche
694 6942 6533 7110 die Chöre für ihre Werke schaffen und diese in ihren Geist einführen! Wollen sie aber gar auch in
687 7096 6533 7278 der Zukunft leben, so müssen sie eine ganze Schule für ihre Werke gründen! Täuschet euch nicht,
702 7256 6562 7476 ihr armen tüchtigen Componisten, wenn ihr mir nicht folget, handelt es sich höchstens um einen
702 7417 5941 7622 höheren oder geringeren Grad der Verhunzung euerer Werke! Ihr seid und bleibet todt!
1147 7512 6526 7768 Da hat vor Kurzem ein k. Hofkapellmeister seine großen kirchlichen Vokalwerke an einen Ver¬
687 7680 6526 7892 leger eingesendet. Ich sah die Werke nicht, aber der Verleger richtete die Frage an mich: Wie viel
709 7863 6548 8060 Chöre können und werden 8stimmige Vokalmessen und Miserere aufführen? Ich antwortete: „Die
702 8002 6511 8206 4 Chöre in Regensburg führen fast nur alte auf; dann ist außer dem eigenen Chore des Compo¬
680 8192 6533 8389 nisten vielleicht der Riedel'sche Verein in Leipzig, der Domchor in Berlin und noch etliche 4 andere
709 8316 6526 8528 so gefällig, aber weiter weiß ich Nichts!“ „In Köln, Mainz, Münster??" ˶In der Kirche
694 8447 6518 8645 kann keine Rede sein.“ „Der Componist versichert aber ausdrücklich, er habe für die Kirche, nicht
2375 8608 6533 8886 „Ich glaube es, aber die Kirchenchöre an diesen 3 Orten thun es
709 8623 2273 8835 für's Concert geschrieben.“
687 8813 4560 9003 nicht." Die Werke sind erschienen, das andere weiß der Verleger!
1162 8886 6526 9142 Ja, Hr. Hofkapellmeister, will man in weitere Kreise dringen, dann muß man zur „moles
680 9083 6555 9339 rudis et indigesta“ herabsteigen und im saueren Schweiß des Angesichts daraus einen flammenden
680 9244 1915 9492 Künstlerchor machen!
