6542 10622
5839 382 6074 684 49
647 728 6082 934 Fassen wir das bisher Gesagte zusammen! 1) Der allgemeine deutsche Cäc.=Verein und ihm
176 846 6074 1081 Leben einhauchen ist wichtiger als jede andere Thätigkeit; man soll natürlich das Componiren nicht
176 1044 6074 1221 unterlassen, wenn man Meister ist und Beruf hat, aber das andere ist wichtiger! 2) Jeder, der
176 1213 6074 1397 kann, werde ein „Agitator“ in seiner Weise und sphäre! Ohne die treibende Kraft bleibt jeder
162 1346 6052 1552 Bezirksverein eine „moles rudis et indigesta“. 3) Die Mitglieder mögen sich um einen Agitator
162 1522 5537 1765 recht schaaren und sich die Mühen und Opfer, die der Verein auferlegt, nicht reuen lassen.
625 1640 6059 1897 Man hat Fr. Witt angegriffen, weil er in seinen Blättern den „Vereinsnachrichten“ und den
191 1831 6074 2030 „Stimmen aus der Presse über die 2. Generalversammlung des a. d. C.=V.“ so viel Raum ge¬
176 1978 6052 2184 schenkt hat. Bei Vernünftigen braucht sein Verfahren, selbst wenn er des Guten zu viel gethan
169 2162 6052 2368 hätte, keine Vertheidigung. Der Schreiber dieser Zeilen findet die Hauptaufgabe einer periodischen
199 2294 6045 2500 Zeitschrift darin, die Thatsachen zu constatiren, die Zustände rc. Es kann nur sekundäre Aufgabe
206 2456 6052 2647 sein, etwa Theile der Harmonie= oder Contrapunktlehre, der Liturgie und ähnliches zu besprechen
162 2625 6045 2816 oder darüber zu belehren. Das geschieht deßwegen viel besser in Büchern, weil dort die ganze
154 2765 6045 2949 Lehre in ihrem Zusammenhange dargestellt werden kann, hier aber nur bruchstückweise. Es ist eine
154 2912 6052 3096 secundäre Aufgabe, sage ich; man darf sie nicht ganz vernachlässigen, aber auch nicht allein herrschen
147 3089 6030 3258 lassen. Deßwegen halte ich z. B. die Vereinsnachrichten, weil sie Thaten berichten, für wichtiger,
147 3221 6045 3397 als die schönsten Artikel, weil diese bloß Worte sind! Schöne Vorte, Bücher, Belehrungen hatten
147 3375 6023 3581 wir seit Dezennien! Dedurch kann wohl mancher begeistert werden, wenn er aber seine Begeisterung
147 3545 6037 3714 nicht in Thaten umsetzt, ist Alles wie zuvor. Darum ist auch eine einzige gut geleitete Probe mehr
147 3699 6030 3934 als der schönste Artikel, eine einzige tüchtige Aufführung mehr, als ein ganzer Jahrgang einer jeden
162 3831 4912 4045 Zeitschrift für kath. Kirchenmusik, wenn letztere bloß Leser, nicht Vollburger hat!
581 3964 6023 4177 Darum werden die „Vereinsnachrichten“ nie zu viel, wenn sie auch manchmal, unbeschadet
125 4111 6008 4368 des Inhalts, in bündigerer Form eingesendet werden. Deßwegen ist Gewicht zu legen auf die
147 4324 6008 4523 „Stimmen in der Presse“ über die 2. G.=V. des Vereins, weil der große Eindruck, den eine That¬
147 4486 2544 4706 sache hervorgebracht, zu constatiren war.
581 4670 6015 4861 Man hat bisher auf die Wichtigkeit und die Eigenschaften eines guten Dirigenten viel zu
118 4758 6001 4986 wenig geachtet, also auch um ihre Ausbildung sich viel zu wenig gekümmert. Und doch hängt von
140 4978 6001 5170 guten Dirigenten Alles ab. Glaubet es endlich, daß unter den Händen eines ungeschickten Chor¬
118 5126 5993 5302 regenten jede Gattung von Kirchenmusik zu Grunde geht, verwildert, roh, geistlos gesungen und ge¬
132 5265 6008 5456 spielt wird. Ein... sagte mir einst: Es ist unglaublich, ja geradezu gräßlich, was ich für einen
125 5427 5979 5604 Gesang bei meinen Visitationen 2c. anhören muß. Ob ihm aber je die Frage in den Sinn gekom¬
118 5567 5993 5765 men: Was kann ich thun, wie ist es anzufangen, um zu ändern, bezweifle ich, weil ich von einer
118 5721 5979 5905 That oder auch nur einer papiernen Weisung Nichts erfahren konnte. Ein Bischof (ich will als
118 5898 5971 6067 enfant terrible reden) rief einst, als ihm die Zustände der Kirchenmusik dargelegt wurden, aus:
103 6030 5986 6214 Wenn nur unter uns Bischöfen ein einziger wäre, der soviel von der Musik verstände, als der
103 6185 2559 6361 Bischof v. M. von der Architektur!....
2942 6199 5986 6390 Ich enthalte mich der Bemerkungen zu diesem un¬
118 6354 5964 6574 willkürlichen Ausrufe. Nur möchte ich hinzusetzen: Wenn man nur einmal die tüchtigen Dirigenten
110 6493 5957 6670 protegiren und ihre Heranbildung fördern wollte. Man hält es für etwas, wenn Jemand ein
118 6640 5442 6846 Componist, ein Musikschriftsteller, aber für wenig, wenn er ein Meister des Dirigirens ist.
559 6780 5971 7038 Arme Sänger! ihr fühlet es besser, was es um einen tüchtigen Dirigenten ist. *) Es geht
103 6949 5979 7148 euch wie einer Armee, die augenblicklich die Unsicherheit und Unklarheit fühlt, mit welcher ihr Feld¬
88 7140 5971 7317 herr sie leitet. Das wunderbare Vertrauen, mit welchem die Soldaten auf einen Blücher, Napo¬
118 7295 5957 7479 Leon I., Julius Cäsar etc. blickten, wiederholt sich in ähnlicher Weise bei Chören tüchtigen Dirigenten
110 7464 5971 7641 gegenüber. Doch vielleicht findet man diese Vergleichung zu — stolz; ich wähle eine andere, die man
96 7604 5957 7795 auch den „Musikanten“ gestatten kann: Wie ein kühnes muthiges Pferd augenblicklich die Tüchtigkeit
118 7751 5596 7935 seines Reiters fühlt, so erkennt ein Chor sofort, ob ein Dirigent seiner Aufgabe gewachsen ist.
566 7905 5949 8111 Gute Dirigenten werden die schwächsten Chöre dahin bringen, daß sie zum Entzücken singen.
110 8074 5964 8266 Die Leistungen eines Chores sind der Gradmesser der Tüchtigkeit eines Direktors. Ich wiederhole
118 8236 5957 8464 Proske's Wort: „Auch wenn die metronomischen Grade, die Signaturen sämmtlich
96 8398 5957 8574 in dem einen Falle wie in dem andern treu eingehalten werden, doch — wie grund¬
88 8545 5964 8736 verschieden die Produktion... Ein und dasselbe Orchester, ein und derselbe Sängerchor ist nicht
103 8707 5471 8869 wiederzuerkennen, wenn er von einer mangelhaften zu einer meisterhaften Direktion übergeht!“
272 8891 5971 9273 *) Schon Oken hat gemeint, die größte Anstrengung des Geistes forderten zwei Geschäfte: Das eines Feldherrn
375 9185 2831 9405 und eines genialen Dirigenten und Componisten.
