6743 10660
787 583 1013 809 50
1290 816 6619 1108 Man legt zu wenig Gewicht darauf, ein tüchtiger Dirigent zu weiden. Man
802 1021 6627 1232 bildet sich ein bischen in der Technik aus, man lernt im günstigsten Falle Partitur lesen (und das
809 1210 6634 1407 können unter 100 Chorregenten 99 nicht), man bildet sich aber nicht weiter, nicht gründlicher, und
831 1363 3864 1597 so bleibt man auch als Domkapellmeister ein...
1276 1480 6627 1771 Als R. Wagner's „Rheingold“ zum ersten Male aufgeführt wurde, waren Kapellmeister, die
816 1720 6619 1903 die Oper hören und studiren wollten, bis aus London, Kopenhagen rc. zugegen, die eigens zugereif
816 1837 6641 2048 waren! Wenn unter meinen Lesern einer ist, der ein tüchtiger Dirigent werden will, der lasse es
816 2027 6670 2245 sich nicht gereuen, wenigstens ein halbes Jahr einen „Meister des Dirigirens“ zu beobachten. Wer
809 2143 5293 2333 das je gethan, weiß, was das bedeutet für das Lernen und für das Leben!
1276 2253 6634 2552 Der Schreiber dieser Zeilen hat wenig Hoffnung, daß sich die Kirchenmusik trotz aller Be¬
816 2486 6656 2683 mühungen Einiger aus dem Staube erhebe, die Gleichgiltigkeit, die Ungunst der Zeit ist zu groß
824 2654 6685 2850 Doch — quis sicut Dominus Deus noster,..... de stercore erigens pauperem ut collocet
816 2850 6641 3003 eum cum principibus 2c. (Ps. 112, 5 f.)? Ja, Er allein kann „aus Steinen Kinder Abraham
1604 2960 5329 3127 Er allein kann uns „die Männer erwecken nach seinem Herzen“
816 2952 1298 3149 machen“
5416 2960 6678 3164 auf daß das irdische
875 3106 6692 3324 Jerusalem ein Abbild des himmlischen werde, wo (nach Dante's „Paradiso“ 12. Gesang) ertönet
2843 3295 5249 3609 „Gesang, der also unsere Musen, uns're
2836 3499 5468 3813 Sirenen in den süssen Himmelsflöten besiegt
2843 3725 5249 3951 Als erster Glanz den, der zurückstrahlt!"
3084 6087 4571 6408 i
