6556 10583
305 975 6260 1370 5) Witt, Fr. X., (Opus VIII.) Missa „In honorem S. Francisci Xaverii“.
566 1251 6238 1489 Preis-Messe für 4 Männerstimmen mit Orgelbegleitung. (Pracht-Ausgabe.
558 1474 6230 1727 Zweite Auflage. Partitur 1 fl. 24 kr. — 24 ngr. Stimmen 24 kpr. — 8ngr. Par
588 1615 4637 1876 titur und Stimmen mitsammen für 1 fl. 12 kr. — 21 ngr.
662 1757 6253 2062 — — (Opus XI.) Missa „Inhonorem S. Luciæ“ ad 4 voces inaequales (So¬
610 2017 6297 2233 pran, Alt, Tenor und Bass) et Organum, comit. Tromba, Cornu e Trombone
581 2188 6283 2471 ad libitum. Partitur 1 fl. 12 kr.— 21 ngr. Stimmen 24 kr. — 8ngr. partitur
573 2360 4235 2657 und Stimmen mitsammen für 1 fl. 6 kr. — 19 ngr.
603 2665 3320 3022 In die nachstehende neue Subscription auf
320 2940 6283 3484 Musica divina mit Selectus Novus Missarum
1682 3424 4883 3834 ed. Carolus Proske,
737 3767 5866 4079 Catalogpreis der Partituren mit den Stimmen 60 fl. oder 36 Thlr.
283 4012 4533 4243 können Mitglieder des Cäcilien=Bereins noch immer eintreten;
729 4206 6290 4474 1) Jeder Subscribent erhält die 4 Bände der „Musica divina“ und die 2 Bände
863 4422 6290 4652 des „Selectus novus Missarum“ in Partitur und Stimmen sogleich complet
834 4585 6275 4801 auf seine Kosten direkt von mir zugesendet und wird ihm das complete
856 4779 5151 5017 Opus für nur 30 fl. südd. W. — oder 18 Thlr. berechnet.
677 4987 6290 5300 2) Dieser Betrag ist in Raten zahlbar, deren Eintheilung in Bezug auf Zeit
908 5203 6283 5419 und Betrag den verehrlichen Subscribenten mit der Abgränzung überlassen
878 5337 6275 5590 bleibt, dass die Beträge nicht unter 5 fl. oder 3 Thlr. sich bewegen dür¬
856 5560 6253 5784 fen und für die ganze Abwickelung ein Termin von 3 Jahren nicht über¬
863 5709 2062 6007 schritten werde.
737 5955 6290 6208 3) Die Beträge sind franco einzusenden, was in Bayern, Württemberg, im
908 6156 6297 6364 Umfange des norddeutschen Postbezirkes und der Schweiz äusserst bequem
863 6342 6290 6543 durch Benützung von Postanweisungen, in Oesterreich durch Einsendung
863 6506 6253 6737 des Betrages in Banknoten mit rekommandirtem Briefe am billigsten ge¬
863 6677 1913 6952 schehen kann.
707 6878 6283 7161 4) Bei der Bestellung ist die erste Ratenzahlung beizufügen und ein Sub¬
863 7146 5717 7369 scriptionsschein mit deutlicher Unterschrift versehen mitzusenden.
692 7287 6268 7608 5) Bis zur vollständigen Abzahlung des Werkes bleibt dasselbe mein Eigen¬
856 7533 6283 7749 thum, was durch Unterschrift anerkannt wird, und treten allenfallsige Erben
863 7689 6275 7965 in alle Rechte aber auch in alle Verpflichtungen der Herren Subscribenten.
692 7905 6290 8166 Unter diesen Bedingungen ist es gewiss jedem Musikfreunde möglich, sich
342 8121 6275 8307 diese kostbare Sammlung ächt klassischer, dem katholischen Cultus dienender
328 8292 6312 8531 Musik anzuschaffen, und glaube ich durch Eröffnung dieser Subscription dem
335 8478 6290 8739 jetzigen höchst erfreulichen Streben nach gründlichem Unterrichte auf dem Felde
320 8650 3603 8932 ächter Kirchen-Musik gut gedient zu haben.
677 8784 6290 9133 Bei Bezug einzelner Parthien des Werkes bleiben die dafür bestehenden ein¬
320 9029 2285 9357 zelnen Preise unverändert.
3007 9245 6186 9602 Friedrich Pustet in Regensburg
2561 9588 4020 9893 nommen
