6684 10608
344 926 6313 1203 Musikalischer Verlag von Friedrich Pustet in Regensburg, New York und Cincinnati,
1965 1166 4699 1390 zu beziehen durch alle Buchhandlungen:
396 1464 6366 1816 Männer-Terzetten-Sammlung, herausgegeben von Frz.
523 1726 5305 2017 Xav. Rubenbauer. Part. und Stimm. 1 fl. 42 kr. — 1 Thlr.
568 2002 6351 2241 „Diese Sammlung begegnet einem schreienden Bedürfnisse namentlich der Sänger auf dem Lande, wo sich selten ein
351 2167 6336 2346 Quartett, leichter ein Terzett zusammenfindet. Ohne einen ernsten Widerspruch fürchten zu müssen, darf kühn behauptet
351 2331 6336 2518 werden: Es existirt keine zweite Sammlung, welche bezüglich des Objektes reichhaltiger, im Texte gewählter, origineller
351 2428 5596 2637 in den Compositionen, dem Zwecke nach praktischer, in der Ausführung leichter, im Preise billiger wäre.
613 2518 6336 2757 Um den künstlerischen Werth der Compositionen bemessen zu können, geben wir nur die Namen der hervorragend¬
374 2660 6313 2854 sten Meister, die sich an der Sammlung betheiligten, an: Franz und Ignaz Lachner, Frhr. v. Perfall, Zeuger, Ortner,
359 2824 6328 3026 Witt, Friedr. Schmid, Dr. Vogelmann, Schreiber, Jos. Seiler, Haller, Rampis, Becher, Hanisch, Schaller, Käsporer,
366 2966 3317 3168 Moosmaier, Obersteiner, Führlbeck, Sachs, Stich u. s. w.
613 3011 6328 3257 Die vorliegende Sammlung enthält außer sieben Originaltoasten dreiunddreißig Lieder ernsten und
366 3198 6336 3392 religiösen Inhaltes, nur Originalien. Dieselben sind naturgemäß nach dem inneren Zusammenhange, nicht nachdem
351 3347 6321 3504 Werthe der Compositionen oder demze der Autoren geordnet; voraus die Toaste, dann als erstes Lied „der Sän¬
366 3482 6336 3638 ger“, das die Tendenz der Sammlung darstellt, hieran reihen sich: das Lied des deutschen Mannes, Lieder an Deutsch=
351 3594 6336 3803 land und Tirol u. s. w., lauter Perlen der Dichtung und Composition. Fast bei keiner Nummer vermißt man die 4.
374 3721 4072 3893 Stimme, die meisten sind leicht ausführbar und doch von guter Wirkung.
613 3840 6358 4027 Praktisch ist die Einrichtung, daß die Baßstimme aus der Partitur zu singen ist, wodurch jeder Abnehmer nebst den
366 3975 6336 4161 beiden Tenorstimmen auch die Partitur in die Hand bekommt, was bei dem niedrigen Preise höchst anerkennenswerth ist.
620 4117 6343 4266 Sämmtliche Nummern gehen über den gewöhnlichen Umfang der Stimmen nicht hinaus, der I. Tenor übertsteigt in
351 4236 6328 4408 der Höhe nur selten das 6, der Baß in der Tiefe das G; den II. Tenor kann auch ein etwas höherer Baß oder Bari¬
351 4378 6328 4543 ton singen. Auch bei den anscheinend schwierigeren Stücken (deren nur wenige vorkommen) ist die Stimmführung
359 4505 6328 4632 natürlich und bewegt sich in den leichteren Intervallen. Es genügen drei Sänger, selbst wo Solo und lutti vorgeschrie¬
351 4632 6336 4819 ben sind. Endlich — was wohl zu beachten, namentlich für Institute — können auch Frauen= oder Knaben¬
381 4752 4692 4924 stimmen allein diese Terzette aufführen, wenn der Alt die Baßstimme übernimmt.
613 4826 6358 5058 Als ein Union, als ei unentbehrlicher Schatz sollte demnach diese Sammlung in jedem geselligen Vereine, in
366 4961 6313 5163 jedem Institute und von jedem Musikfreunde erworben werden. (Beilage zur Augsburger Postzeitung. 1870. Nr. 23.)
5633 5095 5977 5312 L. N.
351 5424 6358 5730 Liederrosenkranz zu Ehren der seligsten Jungfrau Maria.
560 5656 6321 5887 Original-Compositionen für 3, 4 und 5 Männerstimmen. Gesam¬
530 5865 6351 6171 melt und herausgegeben von Fr. X. Haberl. Quer 4°. Partitur
538 6097 1614 6373 in 2 Heften
4475 6111 6343 6380 1 fl. 24 kr. — 24 ngr.
4124 6328 6321 6620 1 fl. 52 kr. — 1 Thlr. 2 ngr.
374 6328 2720 6627 Stimmen in 8 Heften cart.
725 6552 6321 6791 Diese Sammlung enthält Originalbeiträge von Benz, Dimmler, Doos, Edenhofer,
374 6702 6366 6903 Greith, Habert, Hanisch, Hirmer, Kempter, Kösporer, Kothe, Merz, Metten¬
359 6896 6328 7053 leiter, Miloche, Oberhoffer, Rampis, Schaller, Schöpf, Schubiger, Schweitzer,
351 7030 6328 7217 Seydler, Stöklin, Witt, z'Wyseg und dem Herausgeber selbst. Deutsche Lieder sind
374 7187 6306 7382 in der Sammlung vorherrschend, da dieselbe nicht so fast für den streng liturgischen Gesang
374 7329 6343 7524 beim hl. Opfer, der Vesper etc., als vielmehr zum Gebrauche bei den an manchen Orten Deutsch¬
366 7494 6336 7651 lands so zahlreichen und beliebten Samstags-, Mai-, Dreissiger-, Rosenkranzandachten, für
366 7651 6336 7837 häusliche Erbauung u. s. w. berechnet ist. Der Einförmigkeit, die bei einer so grossen Anzahl
381 7800 6328 7987 von Liedern leicht entstehen könnte, ist durch die Betheiligung mehrerer hervorragender und
374 7942 6321 8114 beliebter Tondichter, durch die individualität und das Charakteristische des einzelnen Compo¬
381 8099 1494 8338 nisten vorgebeugt
1621 8106 2107 8375 dans la derniere
1711 8144 2996 8510 Votre beaucoup de ses
2996 8196 3280 8510 4.
381 8420 6328 8711 Kothe, B., Orgelstückein den alten Kirchentonarten. 1 fl. 24 kr. — 24 ngr.
643 8637 6328 8824 Wie unser Schönheitssinn beleidigt wird. wennen gothischen Kirchen allerlei stylfremde Theile vorhanden
366 8809 6313 8951 sind, ebenso wird der geläuterte Kunstgeschmack unangenehm berührt, wenn Gesänge in den alten Kirchen¬
381 8936 6328 9093 tonarten durch moderne Orgelstücke eingeleitet und verbunden werden. Wie man über ferner in neuester
366 9055 6336 9190 Zeit vielfach bemüht ist, unsere Gotteshäuser in ursprenglicher Stryleinheit wieder herzustellen, so soll durch
381 9182 6328 9347 die vorliegende systematisch geordnete Sammlung dem Organisten die Möglichkeit geboten werden, die Einheit
389 9302 6328 9429 der Tonart festzuhalten. Zu diesem Zwecke bietet sie in reicher Auswahl zunächst kurze Stücke, die sich zu
396 9391 6343 9563 Interludien eignen und dann längere, die sich als Vor- und Nachspiele verwerthen lassen. Ausserdem sind jeder
396 9526 3250 9705 Tonart die gebräuchlichsten Transpositionen beigefügt.
