2056 3270
442 263 1579 360 Koninklijke Maatschappij van Dierkunde
796 369 1268 453 VAN ANTWERPEN
283 414 1747 513 ̃ 1 ̃ „ „ r * * „ * * *
391 513 1653 648 Woensdag 3 Januari 1905, te 8½ uren ’s avonds
283 690 1677 892 Dymlonisch Concer
297 887 1723 1006 DÖOR HET ORKEST DER MAATSCHAPPIJ
433 989 1573 1082 onder de leiding van M. EDWERD REURVELS
679 1051 1338 1150 EN MET DE MEDEWERKING VAN DEN
350 1152 1677 1252 Heer Alfreds CLUYTENS, Pianist
942 1248 1060 1356 xx
743 1343 1225 1489 programma
434 1493 1591 1586 Werken van Camille SAINT-SAENS
265 1597 1206 1677 I. Hereules' jeugd (symfonisch gedicht)
312 1653 1728 1741 De sage verhaalt dat Hercules, bij zijne intrede in het leven, twee wegen vóór
266 1716 1726 1768 zich open zag : dien van den tust en dien der deugd. — Ongevoelig voor de ver¬
266 1739 1726 1816 leidingen van een leven vol weelderig genot, koos de held den moeielijken weg
266 1787 1732 1851 tot strijd en roem. Op het einde van dezen weg, doorheen de vlammen van den
266 1821 1599 1903 brandstapel, ziet hij in het verschiet de belooning en de onsterfelijkheid.
261 1880 1168 1940 2. IIe Concerto voor klavier en orkest
416 1920 1456 1991 A) Andante sostenuto; B) Allegro scherzando ; c) Presto
571 1975 1000 2042 M. A. CLUYTENS.
256 2029 1719 2108 3. Springdans voor fluit en clarinet met begeleiding van orkest
411 2084 1535 2157 Solisten : HH. HIPP. VINCK (fluit) en Joz. CoOTMANS (clarinet).
256 2110 1168 2208 4. IIIe Symfonie in C moll (Hervraagd)
416 2168 1217 2241 I. Adagio; allegro moderato ; Poco adagio.
416 2223 1504 2287 II. allegro modorato ; Presto ; Allegro moderato ; Maestose
571 2270 1155 2347 Orgelist : M. WILLEM DE LATIN.
252 2289 706 2382 5. A) 1ste Mazurka
312 2356 849 2429 B) De Dood van Thaïs
407 2413 1716 2511 (Concert-omschrijving door C. SAINT-SAENS op Massenet's zangspel.)
557 2473 995 2540 M. A. GLUYTENS.
248 2508 1570 2612 6. Intocht der Synode, (uit het zangspel « Henry VIII »)
318 2599 1663 2708 Concertvleugel PLEYEL uit het huis L. ANTHONIS
248 2703 1708 2792 Woensdag 11 : Concert met de medewerking van den Heer G. WALTHER
339 2745 476 2825 Violist.
1007 2787 1695 2907 Drukk. F. Janssens-Anthonis. — Antwerpen.
