2056 3270
479 318 1508 441 Société Royale de Zoologie d'Anvers
264 455 1710 556 ̃ 1 1 1/2 ̃ + 1/3  ==================̃
424 542 1552 652 Mercredi 3 Janvier 1905, à 8½ hs. du soir
283 667 1741 885 Concert de Symphonie
365 920 1638 1015 PAR L'ORCHESTRE DE LA SOCIÉTÉ
428 1017 1564 1104 sous la direction de M. accavo KEURVELS
742 1094 1249 1181 ET AVEC LE CONCOURS DE
312 1164 1660 1282 Mr Alphonse CLUYTENS, Pianiste
933 1256 1052 1388 &C
755 1364 1232 1504 programme
441 1508 1541 1631 Œuvres de Camille SAINT-SAÈVS
266 1607 1385 1693 i. La jeunesse d'Hercule (poème symphonique)
297 1684 1726 1741 La fable raconte qu’à son entrée dans la vie, Hercule vit s’ouvrir devant lui
261 1722 1728 1794 deux route du plaisir et celle de la vertu. — Insensible aux séductions
270 1768 1722 1836 des Nymphes et des Bacchantes, le héros s’engage dans la voie des luttes et des
266 1814 1726 1858 combats, au bout de laquelle il entrevoit, à travers les flammes du bûcher, la
266 1862 813 1919 récompense de l’immortalité.
261 1888 1197 1976 2. IIe Concerto pour piano etennestre
415 1950 1441 2036 A) Andante sostenuto ; B) Allegro scherzando ; c) Presto
567 2014 1012 2082 M. A. CLUYTENS.
255 2062 1728 2139 3. Tarentelle pour flûte et clarinette avec accompagnement
424 2132 703 2209 d’orchestre
415 2183 1557 2259 Solistes : MM. HIPP. VINCK (flûte) et Jos. CoOTMANS (clarinette).
261 2233 1346 2321 4. IIIe Symphonie en Ut mineur (Redemandée)
422 2301 1230 2360 I. Adagio; allegro moderato; Poco adagio.
415 2325 1504 2402 II. Allégro moderato; Presto ; allegro moderato ; Maestoso
571 2391 1153 2473 Organiste : M. GUILL. DE JATIN.
261 2440 700 2523 5., A) 1re Mazurka
327 2488 824 2569 B) La Mort de Thaïs
415 2512 1724 2648 (Paraphasse de concert par C. SAINT-SAENS sur l’opéra de Massenet).
575 2609 1006 2686 M. A. CLUYTENS.
255 2635 1458 2742 6. Marche du Synode (de l'opéra « Henry VIII »).
358 2747 1625 2824 Piano PLEYEL de la Maison Louis ANTHONIS
279 2800 1688 2962 Mercredi 11 : Concert avec le concours de M. G. WALTHER, Violoniste.
