2056 3270
550 335 1586 428 Société Royale de Zoologie d'Anvers
335 446 1779 556 ̃ 1 1 ̃  ================= ==================
421 523 1719 638 Dimanche 8 Janvier 1905, à 3½ hs. de l’après-midi
351 695 1789 924 Concert de Symphonie
428 927 1704 1066 PAR L'ORCHESTRE DE LA SOCIÉTÉ
497 1042 1629 1127 sous la direction de M. accavo KEURVELS
1000 1139 1121 1255 etc.
821 1262 1304 1426 programme
951 1415 1191 1511 1re PARTIE
326 1538 1141 1617 I. Les Saltimbanques (ouverture)
1406 1518 1681 1620 L. GANNE
324 1587 1008 1686 2. Faust (suite d'orchestre).
1415 1600 1734 1697 CH. GOUNOD
485 1659 1269 1739 A) Kermesse ; B) Ronde du Veau d’Or;
479 1719 1114 1799 c) Choral des Epées ; b) Valse.
324 1756 1368 1863 3. Loreley (paraphrasé du chant populaire)
1410 1779 1734 1865 J. NESVADBA
320 1842 1009 1937 4. Deux danses hongroises.
1414 1854 1752 1973 JOH. BRAHOMS
485 1907 1214 2030 (orchestrées par Ed. Keurvels)
944 2023 1189 2110 2me PARTIE
320 2094 845 2193 5. Phèdre (ouverture)
1412 2099 1737 2205 J. MASSENET
326 2178 1386 2290 6. Fantaisie sur des airs populaires espagnols
1419 2187 1789 2269 F. A. Gevaert
324 2248 664 2355 7. Romance.
1414 2249 1790 2344 JOH. SVENDSEN
488 2312 1090 2407 Violon-Solo : M. Edm. De Herdt.
318 2374 852 2471 8. Marche du Sacre
1414 2370 1798 2472 G. MEYERBEER
324 2515 1794 2575 Lundi 9 : à 8 1/2 heures du soir : Conférence, avec projections lumineuses, par
362 2558 1732 2615 M. Charles de Bosschere. Sujet : L’Exposition Internationale de Düsseldorf.
327 2602 1715 2679 Mercredi 11 : Concert avec le concours de M. G. WALTHER, Violoniste.
329 2663 1498 2738 Mercredi 25 : Festival Waelput, (Soli, Chœur Mixte et Orchestre
