2056 3270
791 817 1460 898 La ronde du Gabier.
813 887 1449 962 - Houp! les filles, dansez la ronde!
499 927 1743 1001 Le gabier, — quand il a terminé son quart, — sait comme pas un se
507 999 835 1069 mêler à la danse
823 1028 1454 1105 - Houp! les filles, dansez la ronde!
507 1074 1744 1159 Le gabier, quand il court sa bordée, fait entrer à fond de cale le
503 1142 723 1223 cidre à flot.
810 1173 1452 1250 — Houp! les fi les, dansez la ronde!
509 1230 1746 1295 Quand il remontera dans les hunes, le grain, le soleil ou la lune
507 1285 940 1357 seront ses seuls voisins.
828 1311 1454 1396 Houp! les filles, dansez la ronde!
507 1377 1746 1460 Ohé, belle fille, donnez-lui votre amour! Le bateau filera dans un
507 1427 1078 1495 jour... Qui saits'il reviendra!
828 1471 1445 1555 Houp! les filles, dansez la ronde,
964 1524 1284 1590 Dansez la gigue,
1047 1574 1221 1645 Mesgas!
933 1638 1307 1730 Crépuseule.
470 1721 821 1805 Coucher de soleil.
1111 1752 1561 1836 La lumière du jour râle
700 1796 1552 1875 Et le vaste horizon, sur la mer, est en sang
698 1878 1396 1945 Plus de bruits sinon le bruit des flots
465 1946 1871 2046 Scène d’amour entre un marin et son aimée : dans sa peur de la tempête
389 2016 1302 2093 qui menace, elle prie pour le salut du bien-aimé.
793 2069 1465 2126 Ohé là-bas, faut qu’on s’embarque,
804 2125 1469 2187 Voilà le vent qui tourne au Nord!
782 2159 1346 2222 Turle le vieux marin du bord.
470 2207 1871 2282 Le matelot embrasse sa fiancée. “ Tu m’es plus chère, — dit-il, que la mer
391 2257 1867 2321 elle-même! » et, tandis que du rivage, inquiète, éperdue, elle suit des yeux
391 2310 992 2394 l’aimé, le bateau prend le flot...
670 2341 1616 2417 Et sous le ciel profond, comme un champ de repos,
698 2404 1469 2457 fout constellé de croix et rempli de silence
