2056 3270
507 672 1624 746 De Rondedans van de Marsgasten.
568 783 1164 860 Hopsa, deernen, ten rondedans!
599 840 1287 918 De marsgast — na voltooiden arbeid
566 889 1204 951 kan een flikker slaan als de beste!
652 933 1256 998 - Hopsa, deernen, ten rondedans!
558 973 1418 1048 De marsgast slaat den appelwijn naar binnen.
600 1029 1212 1100 - Hopsa, deernen, ten rondedans
562 1080 1621 1146 Straks klautert de marsgast in den mast, vlak in de zon
586 1126 1204 1197 — Hopsa, deernen, ten rondedans!
558 1168 1420 1245 Heisa, mooi meisje, schenk thans hem liefde!
566 1223 1458 1298 Het schip vaart henen... Wie weet, of het keert!
558 1281 1259 1336 Minnen moet men, terwijl het tijd is!
586 1319 1197 1400 - Hopsa, deernen, ten rondedans!
810 1427 1323 1522 Avondschemer.
402 1540 703 1626 Zonsondergang
715 1591 1387 1675 De zee baadt als in bloed en purper,
714 1650 1325 1726 Alles wordt rustig; alles zwijgt...
409 1699 1803 1790 Liefdetooneel tusschen een scheepsmaat en zijn meisje; in haren angst
327 1745 1622 1821 voor eenen naderenden orkaan bidt zij voor het behoud des geliefden.
407 1792 1803 1871 De wind is Noord! Alle man op dek! Werken is de boodschap,roept de oude
325 1830 535 1903 stuurman.
407 1893 1794 1969 De scheepsmaat zoent zijne geliefde. „ Liever zijt ge mij, — zegt hij, dan
330 1944 1794 2026 de zee zelve! „ en, terwijl zij van het strand hem nakijkt, zeilt het schip henen,
332 1993 1785 2062 ver henen in den nacht, die — met zijne duizend sterren — den hemel betrekt.
402 2035 1639 2106 Lang blijft ze met tranen in de oogen, in de verte de zee aanstaren.
832 2139 1281 2241 De Tempeest.
392 2265 1223 2336 Stormvogels fladderen rond, onheilspellend.
407 2318 1659 2405 Donkerder wordt de hemel... De baren klotsen woest en woester...
402 2362 666 2440 De tempeest!
