2056 3270
488 304 1621 421 Koninklijke Maatschappij van Dierkunde
829 410 1295 519 VAN ANTWERPEN
324 504 1776 616 ̃ ̃̃'̃ 1  ==================̃
399 596 1699 696 Zondag 22 Januari 1905, te 3½ uren ’s namiddags
319 776 1765 925 Dymlohisen Concert
339 949 1759 1045 DÖOR HET ORKEST DER MAATSCHAPPIJ
475 1065 1615 1149 onder de leiding van M. EDMARD REURVELS
985 1138 1095 1257 R
769 1260 1260 1395 programma
963 1408 1135 1490 1e DEEL
306 1477 869 1575 I. Le Cid (openingstuk)
1200 1501 1537 1588 J. MASSENET
302 1559 770 1641 2. A) Czardas N° 1
1209 1568 1532 1643 G. MICHIELS
368 1617 721 1705 B Lentenacht
1207 1623 1770 1712 FR. VAN DER STUKKEN
302 1674 585 1747 3. Extase
1204 1683 1472 1765 L. GANNE
306 1719 779 1812 4. Walpurgisnacht
1206 1737 1524 1823 CH. GOUNOD
501 1794 994 1876 (dansspel uit Faust)
940 1874 1131 1969 2e DEEL
297 1947 789 2038 5. Memline-Marsch
1198 1951 1535 2036 H. VAELPUT
301 2025 1022 2100 6. Don Giovanni (bloemlezing)
1204 2027 1588 2109 W. A. MoZART
452 2080 956 2142 Fluit-Solo: M. HIPP. VINCK
297 2124 900 2200 7. Gratulations-Menuet.
1191 2109 1679 2200 L. VAN BEETHOVEN
299 2180 982 2257 8. Willem Tell (openingstuk)
1186 2184 1472 2280 G RossINI
410 2236 1146 2309 Solisten: HH. Joz VAN DER AVORT (cello)
452 2297 1151 2355 HIPP. VINCK (fluit) en KAREL RoVIES
455 2338 801 2415 (Engelsche hoorn)
302 2435 1758 2491 Woensdag 25: Festival Waelput met de medewerking van Mej. ELLY VLLIX
344 2479 1686 2537 (zangeres), M. HIP VINCK (fluitist) en het GEMENGD Koor der Maatschappij
297 2519 1756 2584 Woensdag 1 Februari : Concert met de medewerking van den Heer MARIX
331 2559 723 2621 LÖEVENSON (cellist).
302 2603 1756 2701 Woensdag 8 : Concert met de medewerking van den Heer J z. WATELET (Pianist),
335 2655 1162 2710 en gewijd aan werken van P. TsCHAÖKowski.
291 2717 1752 2797 Marmeren Zaal: Dinsdag 31 Januari, te 8 1/2 uren ’s avonds: Uitvoering van
333 2781 1743 2839 Sonata's door Mej. M. Devos (Pianiste), en M. A. E  PRENEz (Cellist). Toegangs
328 2825 1758 2887 prijs 2 fr De Leden der Koninkl jke Maatschappij van Dierkunde bekomen
333 2863 1517 2921 op vertoon hunner ledenkaart, eene prijsvermindering van 50 %
1055 2910 1732 3011 Drukk. F. Janssens-Anthonis. — Antwerpen.
