2056 3270
410 466 1544 600 Koninklijke Maatschappij van Dierkunde
756 592 1236 714 VAN ANTWERPEN
261 690 1715 828 ̃ ̃ t * * * M * * „ „ * *
353 821 1647 948 Woensdag 25 Januari 1905, te 8 1/2 uren ’s avonds
285 972 1673 1235 Buitengewoon Concer
304 1242 1713 1371 DÖOR HET ORKEST DER MAATSCHAPPIJ
743 1373 1316 1479 EN MET DE MEDEWERKING VAN
342 1448 1717 1581 Mej. Elly VLIEX (Zangeres), M. Hipp. VINCK (Fluitist)
517 1536 1542 1665 en het Gemengd Koor der Maatschappij
464 1616 1597 1735 onder de leiding van M. EDMARD REURVELS
304 1834 1783 1967 Uitvoering van Werken van Hendrik VAELPUT
596 1943 1503 2090 (Gent, 26 October 1845 — Gent, 8 Juli 1885)
353 2478 1811 2618 Woensdag 1 Februari : Concert met de medewerking van den Heer MARIX
392 2598 773 2674 LOEVENSON (cellist).
357 2589 1811 2720 Woensdag 8 : Concert met de medewerking van den Heer Joz.WATELET (Pianist),
394 2683 1224 2771 en gewijd aan werken van P. TsCHÄïkowsky.
353 2771 1820 2889 Marmeren Zaal : Dinsdag 31 Januari, te 8 1/2 uren ’s avonds: Uitvoering van
392 2823 1816 2916 Sonata’s door Mej. M. DEvos (Pianiste), en M. A. E PRENEZ (Cellist). Toegangs-
403 2870 1816 2981 prijs 2 fr De Leden der Koninkljke Maatschappij van Dierkunde bekomen
403 2922 1601 3038 op vertoon hunner ledenkaart, eene prijsvermindering van 50 %.
