2056 3270
462 381 1534 514 De Zegen der Wapens
811 698 1257 794 CANTATE
444 942 1729 1060 Voor de eerste maal uitgevoerd te Gent, in 1872, ter gelegenheid
367 1042 1102 1117 van het International Schuttersfeest.
441 1068 1739 1149 Exécutée pour la première fois à Gand, en 1872, à l’occasion de
367 1151 1051 1233 la Fête Internationale des Tireurs.
490 1249 1312 1353 Krachtige kroost van der zeeën vorstinne,
650 1335 884 1398 Britanjers!
491 1351 1330 1461 Broeders uit Neerland, zonen van Herman,
659 1427 913 1493 Germanjers!
504 1456 1375 1532 Gij allen, die Vlaandrens stem hebt gehoord,
508 1492 1586 1587 mannen van Oost en West, mannen van Zuid en Noord,
666 1558 1248 1640 wij reiken u de broederhand!
512 1595 1345 1684 Wees welkom hier, op ons gastvrij strand,
512 1653 1274 1746 ons hartlijk, broederlijk Vlaanderland!
677 1715 1026 1778 Wimpels, zwingt!
668 1760 1017 1828 Klokken, klinkt!
512 1788 1316 1872 Zwingende klokken, strooit in het ronde
532 1833 1364 1931 ’t galmende welkom met jublende monde!
682 1881 1419 1969 Wappert, o lustige wimpels en vanen,
680 1927 1484 2012 op torens en tinnen, in straten en lanen
529 1993 1369 2072 Maagden en kinderen, strooit op ons paden
532 2036 1375 2132 uw regen van bloemen en lauwerenbladen!
540 2096 1322 2164 Wemelt dooreen als de zee heure baren,
540 2140 1238 2226 joelende volk, in woelende scharen!
541 2182 1224 2271 Daver en dreun, kanonnengebrom!
537 2234 1275 2324 Schatert, bazuinen, uw blij wellekom!
550 2347 1388 2458 Ach, welk een smartkreet laat z ch hooren
556 2434 1068 2513 in ons blijde jubelkooren!
554 2487 952 2557 O Maagd der Vrede,
562 2499 1222 2597 wat wendt gij ’t nat bekreten oog
714 2580 1002 2646 naar omhoog?
559 2599 1156 2701 Blijf bij ons, gij Hemelspruit!
561 2670 1149 2751 Pas opgerezen van de sponde,
567 2717 1160 2803 waar gij zieltogend nederlaagt,
566 2767 1073 2849 blik neer op ons en hoor :
567 2827 1117 2900 uit honderdduizend monden
