2056 3270
638 287 1465 371 stijgt op tot U een hymne, o Vredemaagd.
644 352 1032 419 Wij zweren U allen,
636 401 1166 470 met honderdduizend-tallen,
639 451 1358 522 dat elk van ons in ’t hart U draagt!
792 500 958 555 Houzee!
639 544 942 607 Eens zal de zon
638 591 1128 657 over heel de aarde gloren,
629 650 1263 702 de zon van liefde, rede en recht
639 690 1089 747 Hoopt, broeders, hoopt,
636 741 1197 808 nooit gaat het zaad verloren,
629 786 1270 840 op heden ons in ’t hart gelegd!
638 843 1354 901 Tot dan gewerkt, geslaafd met moed,
629 886 1370 943 het lijf versterkt, verkloekt het bloed,
629 932 1387 990 de ziel vervroomd, het brein verbreed:
626 990 1365 1036 dit zij der Menschheid reddingskreet!
632 1031 1452 1085 Komt, mannen, zweren wij hand in hand!
628 1076 1293 1137 in ’t koene lijf een koen verstand.
623 1127 1403 1200 dit eischen wij heden in Vlaanderland!
815 1268 1263 1330 Gij, o der wereld zon,
828 1315 1375 1384 licht-, liefde- en levensbron
832 1363 1203 1428 Heer van ’t heelal,
826 1415 1214 1482 hoor onze hartebeê,
829 1463 1295 1524 deel ons Uw zegen meê,
828 1510 1337 1578 schenk ons de wereldvreê,
941 1560 1197 1616 licht overal!
820 1592 1270 1669 Maak onze zielen vrij;
825 1653 1362 1723 dat heel ter menschdom zij
942 1704 1242 1769 een huisgezin!
819 1736 1422 1819 Dan wordt ons weeldrige aard,
826 1793 1348 1860 Heer, U een bloemengaard,
936 1848 1349 1911 sturende hemelwaart
942 1894 1279 1971 geuren van min!
975 1943 1181 2005 Halleluja!
822 1983 1283 2056 Dan in alle eeuwigheid
822 2032 1361 2109 wordt, Heer, de lof verbreid
935 2088 1169 2155 Uwer genà
811 2134 1527 2207 Dan knielt heel ’t Menschdom neér.
815 2199 1378 2254 juichend van sfeer tot seer:
815 2237 1277 2301 dank U en lof, o Heer!
935 2286 1136 2359 Halleluja!
