2056 3270
576 480 1616 609 Société Royale de Zoologie d'Anvers
377 594 1814 742 ̃ 1 1 1/2 1/3 1/4 ̃ 3/4 4,2 ̄ + 4,9
534 743 1682 861 Mercredi 25 Janvier 1905, à 8½ hs. du soir
926 927 1010 1054 L.
399 924 1842 1156 Concert Extraordinaire
491 1178 1766 1314 PAR L'ORCHESTRE DE LA SOCIÉTÉ
880 1308 1391 1417 ET AVEC LE CONCOURS DE
397 1384 1877 1536 Mlle Elly VLIEX (Cantatrice), M.Hippolyte VINGK (Flutiste)
747 1498 1546 1592 et le Chœur Mixte de la Société
578 1562 1713 1728 sous la direction de M. accavo KEURVELS
561 1792 1772 1947 Audition d'Œuvres d’Henri VAELPUT
664 1914 1660 2039 (Gand, 26 Octobre 1845. — Gand, 8 Juillet 1885)
1110 2131 1214 2307 3%
449 2399 1923 2539 Mercredi I Février : Concert avec le concours de M. MARIX LœVENSOHN ( Violon¬
500 2534 664 2596 celliste).
458 2513 1932 2639 Mercredi 8 : Concert avec le concours de M. JOSEPH WATELET (Pianiste) et
493 2604 1270 2707 consacré aux œuvres de P. TsCHÄῖKOMsky.
460 2692 1939 2810 Salle des Marbres : Mardi 31 Janvier, à 8 1/2 heures du soir : Séance de
506 2758 1938 2861 Sonates, organisée par Mlle MARTHE DE Vos (Pianiste) et M. A. E. PRENEZ
513 2802 1936 2913 (Violoncelliste).Prix d’entrée : 2 fr. Une réduction de 50 % sera accordée à
508 2846 1943 2959 MM. les Membres de la Société Royale de Zoologie, sur présentation de leur
512 2944 874 3025 carte de sociétaire.
1240 2988 1925 3102 Drukk. F. Janssens-Anthonis. — Antwerpen.
