2056 3270
477 320 1624 413 Koninklijke Maatsehappij van Dierkunde
817 430 1291 529 VAN ANTWERPEN
314 505 1779 619 ̃" 1 ̃ 1  =================................................. 1 1 1/2 + 4
383 604 1680 688 Zondag 29 Januari 1905, te 3½ uren ’s namiddags
318 719 1816 940 Symfonisch Concert.
336 951 1755 1048 DOOR HET ORKEST DER MAATSCHAPPIJ
477 1084 1624 1166 onder de leiding van M. EDMARD REURVELS
983 1153 1099 1278 R
777 1278 1254 1403 programma
970 1422 1136 1489 1° DEEL
308 1491 1215 1577 I. Delustige Vrouwtjes van Windsor
1364 1504 1736 1592 OTTO anicOLai
514 1562 833 1646 (opingstuk)
314 1611 1267 1689 2. Milenka (orkestsuite uit het dansspel)
1364 1616 1671 1719 JAN vo. oCK
478 1658 1329 1732 A) Kermis; B) Holleblokkendans; c) Intocht der
521 1732 1332 1790 Studenten; b) Liefdetooneel ; E) Intocht der
521 1779 869 1854 Zigeuners en slot.
314 1828 615 1901 3. Cavatina
1368 1815 1723 1902 VOACHIM RAFF
318 1895 798 1977 4. Rhapsodie (nr 2)
1359 1886 1624 1977 FR. LISZT
953 1958 1134 2052 2° DEEL
314 2035 1069 2121 5. Le roi dYs (opingstuk).
1357 2037 1615 2147 ED. LALO
467 2102 1101 2171 Cello-Solo : M. Joz. VAN DER AVORT
312 2151 1325 2220 6. Le Pré aux Clercs (tusschenspel en aria)
1359 2121 1641 2241 F. HÉROLD
467 2214 1325 2265 Solisten : HH. EDM. DE Hart (viool) en Joz.
512 2261 878 2330 CoOTMANS (klarinet)
318 2295 869 2381 7. Lohengrin (voorspel
1360 2297 1745 2385 RICH. WAGNER
318 2364 998 2437 8. Napolitaansche tooneelen
1353 2366 1684 2461 J. MASSENET
473 2420 1316 2502 A) De dans; B) De processie en de liedjeszanger
518 2470 749 2540 c) Het feest.
308 2560 1773 2609 Marmeren Zaal: Dinsdag 31 Januari, te 8 1/2 uren ’s avonds: Uitvoering van
351 2603 1770 2650 Sonata’s door Mej. M. Devos (Pianiste), en M. A. E. PRENEZ (Cellist). Toegangs-
359 2644 1770 2697 prijs 2 fr De Leden der Koninklijke Maatschappij van Dierkunde bekomen,
351 2680 1540 2725 op vertoon hunner ledenkaart, eene prijsvermindering van 50 %
314 2704 1779 2788 Woensdag 1 Februari : Concert met de medewerking van den Heer MARIX
355 2755 738 2807 LoEVENSOHN (cellist).
308 2783 1773 2846 Woensdag 8 : Concert met de medewerking van den Heer Joz.WATEET (Pianist),
348 2837 1177 2913 on gewijd aan werken van P. TsCHÄÖK0WSY.
1084 2885 1749 2983 Drukk. F. Janssens-Anthonis. — Antwerpen.
