2056 3270
557 265 1588 383 Société Royale de Zoologie d’Anvers
345 391 1785 487 ̃ ̃ 1  ================= ==================
411 489 1741 586 Dimanche 29 Janvier 1905, à 3½ hs. de l'après-midi
350 613 1792 841 Concert de Symphonie
433 834 1710 960 PAR L'ORCHESTRE DE LA SOCIÉTÉ
495 940 1632 1033 sous la direction de M. EDWERD REURVELS
998 1044 1119 1172 etc.
832 1172 1298 1301 programme
956 1321 1188 1387 1 r.o PARTIE
332 1398 1248 1498 I. Les joyeuses Commères de Windsor
1383 1403 1761 1500 OTTO NICOLAI
524 1467 799 1546 (ouverture)
327 1528 628 1604 2. Milenka
1374 1518 1692 1610 JAN Blockx
487 1571 1318 1663 (suite d’orchestre extraite du ballet
487 1644 1352 1703 A) Kermesse ; B) Danse des sabots ; c) Entrée
548 1695 1349 1757 des étudiants ; b) Scène d’amour; E) Entrée
540 1741 964 1812 des Tziganes et finale.
327 1774 630 1863 3. Cavatina
1382 1792 1743 1865 VOACHIM RAFF
325 1843 785 1947 4. Rhapsodie (n° 2)
1378 1851 1632 1936 FR. Liszt
940 1931 1186 2009 2me PARTIE
327 2013 945 2086 5. Le roi d'Ys (ouverture)
1378 1987 1630 2086 ED. LALO
495 2068 1232 2132 Violoncelle Solo : M. Jos. VAN DER AVORT
1374 2115 1666 2205 F. HÉROLD
330 2101 1225 2203 6. Le Pré aux Cleres (entr’acte et air)
485 2183 1334 2243 Solistes : MM. EDM. DEHEROT ( violon) et Jos
527 2234 920 2296 CoOTMANS (clarinette)
1380 2263 1756 2352 RICH. WAGNER
327 2268 885 2358 7. Lohengrin (prélude).
327 2345 894 2414 8. Scènes napolitaines.
1371 2334 1708 2418 J. Massenet
445 2391 1347 2484 A) La danse ; B) La procession et l’improvisateur;
495 2447 690 2517 c) La fête.
330 2508 1794 2586 Salle des Marbres : Mardi 31 Janvier, à 8 1/2 heures du soir: Séance de
360 2570 1794 2615 Sonates, organisée par Mlle MARTHE DE Vos (Pianiste) et M. A. E. PRENEZ
370 2615 1792 2657 (Voloncelliste).Prix d’entrée : 2 fr. Une réauction de 50 % sera accordée à
369 2652 1790 2701 MM. les Membres de la Société Royale de Zoologie, sur présentation de leur
365 2694 721 2741 carte de sociétaire.
330 2721 1783 2794 Mercredi 1 Février : Concert avec le concours de M. MARIX loevensoH ( violon
369 2770 533 2823 celliste)
332 2792 1799 2860 Mercredi 8 : Concert avec le concours de M. JOSEPH WATELET (Pianiste) et
361 2856 1135 2936 consacré aux œuvres de P. TsCHAIKowsky.
