2056 3270
466 316 1607 417 Koninklijke Maatschappij van Dierkunde
814 419 1282 510 VAN ANTWERPEN
309 507 1765 587 ̃ ̃ t * * * t * r * * M M * *
380 598 1668 706 Zondag 4 Februari 1905, te 3 1/2 uren ’s namiddags
304 721 1752 944 Symfonisch Concert
327 956 1746 1088 DOOR HET ORKEST DER MAATSCHAPPIJ
461 1079 1604 1154 onder de leiding van M. EDWERD REURVELS
977 1163 1097 1293 xx
764 1302 1251 1434 programma
949 1452 1130 1527 1e DEEL
1344 1525 1772 1615 FR. A. Gevaert
300 1540 1209 1613 I. Le Capitaine Henriot (opingstuk)
1340 1595 1719 1675 PETER BENOIT
296 1607 717 1681 2. Spookendans
1340 1655 1681 1745 A. MAILLART
305 1662 955 1735 3. Les Dragon de Villars
507 1717 1251 1809 (bloemlezing door Joz. Dupont)
1340 1757 1704 1860 FRED. CHOPIN
305 1774 607 1874 4. Mazurka
945 1836 1128 1926 2° DEEL
1344 1920 1765 2012 HENicY LITOLFF
305 1926 1309 2019 5. Maximilien Robespierre (opingstuk)
1355 2001 1659 2094 F. SMETANA
305 1999 1026 2066 6. Sarka (symfonisch gedicht)
408 2066 1339 2123 3de deel uit den cyclus «Mijn Vaderland»
366 2096 1763 2176 Särka, de voornaamste der Boheemsche amazonen haat, wegens liefdeverraad, geheel het man
304 2163 1459 2202 nelijk geslacht, tegen hetwelk de amazonen eenen oorlog voeren op leven en dood
362 2176 1768 2227 De ridder Ctirad trekt tegen haar op, en wijd en zijd verneemt men den tocht zijner lustige
313 2218 1765 2264 metgezellen. Eensklaps weerklinkt door het bosch een hartverscheurende noodkreet; dezes spoor
309 2249 1767 2284 volgend, vindt Ctirad eeu meisje, gebonden aan eenen boom. Het is Särka, die verklaart aldus
313 2273 1765 2315 behandeld te zijn door haie wraakgierige gezellinnen. Ctirad door haren aanblik verblind, kan zijne
309 2308 1767 2344 oogen van haar niet afwenden ; immer machtiger spreekt in hem het verlangen naar de het overen'
309 2335 1313 2374 vrouw, tot hij eindelijk, gehoor gevend aan zijn gevoel, Särka bevrijdt
366 2341 1770 2403 De gansche ridderschaar slaat aldaar het leger op, en vemaakt er zich naar hartelust. Bij vroolijk
309 2387 1770 2438 gezang en een rijkelijk genot der mee, vergeten de krijgers weldra elk gevaar; kommerloos slijten zij
313 2421 1767 2460 den tijd met zingen en drinken tot laat in den nacht. Slempensmoede vervalt de eene na de andere ir
309 2456 1776 2489 eenen diepen slaap. Dan geeft Sarka een sein op haren hoorn, hare gezellinen antwoorden uit het
309 2482 1767 2557 bosch, snellen nabij, storten op de gehate mannen en vermoorden ze allen. Hunne wraaklust is gekoeld.
1353 2516 1726 2610 W. A. MoZART
304 2520 880 2604 7. Mijn hart verzucht...
503 2590 1275 2655 (romance uit « Figaro’s bruiloft »)
1340 2617 1728 2716 RICH. WAGNER
304 2641 856 2727 8. Huldigungsmarsch
318 2772 1770 2831 Woensdag 8 : Concert met de medewerking van den Heer Joz.WATELET (Pianist),
347 2827 1170 2911 en gewijd aan werken van P. TsCHAÖKowski.
1073 2858 1746 2961 Drukk. F. Janssens-Anthonis. — Antwerpen.
