2056 3270
531 257 1561 378 Société Royale de Zoologie d'Anvers
312 373 1752 472 ̃ 1 1 1/2 1/4 ̃ „ + „ „ * * „
404 474 1684 597 Dimanche 5 Février 1905, à 3½ hs. de l'après-midi
316 613 1766 828 Concert de Symphonie
408 859 1667 971 PAR L'ORCHESTRE DE LA SOCIÉTÉ
466 957 1594 1047 sous la direction de M. EDWERD REURVELS
977 1071 1089 1172 86
790 1208 1267 1329 programme
931 1350 1153 1429 Iro PARTIE
299 1423 1155 1517 I. Le capitaine Henriot (ouverture)
1342 1438 1761 1522 FR. A.deVAERT.
297 1508 852 1576 2. Danse des Spectres.
1342 1502 1713 1579 PETER BENOIT
299 1557 925 1636 3. Les Dragon de Villars
1335 1563 1665 1638 A. MAILLART
494 1620 1232 1711 (transcription par Jos. Dupont)
297 1678 604 1772 4. Mazurka
1329 1667 1686 1759 FRED. CHOPIN
920 1746 1159 1833 2me PARTIE
299 1834 1230 1926 5. Maximilien Robespierre (ouverture)
1340 1816 1761 1924 HEN?N Y LITOLFF
297 1899 1043 1968 6. Sacka (poème symphonique)
1340 1899 1660 1976 F. SMETANA
503 1937 1254 2029 (3e partie du cycle « Ma Patrie »
356 2005 1759 2073 Sarka est la principale des amazones bohémiennes. Depuis qu'elle a été trahie dans son amour
297 2055 1761 2103 elle a voué aux hommes une haine implacable, et les amazones, ses suivantes, leur ont déclaré une
297 2095 696 2136 guerre sans trève ni merci.
365 2103 1759 2163 Le chevalier Ctirad s’est mis en campagne contre elles, et de toutes parts résonne la chevauchée de
297 2152 646 2207 ses joyeux compagnons
365 2159 1768 2220 Soudain un cri d'angoisse, déchirant, retentit dans la forêt ; guide par lui, Citrad trouve une jenne
297 2215 1761 2253 fille liée à un arbre. C'est Sarka. Elle raconte que ses compagnes l'ont malmenée ainsi pour se venge
297 2246 1768 2281 d'elle. Ctirad ne sait détourner de la jeune fille ses regards éblouis ; de plus en plus impérieusement
303 2270 1684 2316 le désir parle en lui. Enfin, n'écoutant plus que sa pitié et sa passion soudaine, il délivre Sarka.
356 2293 1770 2341 La troupe entière dresse les tentes et s'adonne aux réjouissances. Au son des cbants joyeux, les
303 2330 1770 2363 guerriers vident de larges et nombreuses coupes d'hydromel et, oublieux de tout danger, festorent jusque
297 2360 1765 2398 bien avant dans la nuit. La fatigue met fin à l'orgie; l'un après l'autre, les cheval ers succombent au
297 2391 443 2448 sommeil.
362 2393 1768 2457 Alors Sarka sonne du cor ; ses compagnes, répondant au signal, accurent, s’élancent sur les
297 2442 1462 2490 hommes endormis et les ex erminent tous. Leur désir de vengeange est assouvi.
1344 2477 1719 2569 W. A. MoZART
301 2484 863 2569 7. Mon cœur soupire...
455 2532 1236 2622 (romance des « Noces de Figaro »)
1344 2580 1719 2692 RICH. WAGNER
297 2615 850 2690 8. Huldigungsmarsch
297 2703 1770 2806 Mercredi 8 : Concert avec le concours de M. JOSEPH WATELET (Pianiste) et
340 2809 1113 2888 consacré aux œuvres de P. TsCHÄïK0WSY.
