2056 3270
478 315 1514 428 Société Royale de Zoologie d'Anvers
253 413 1712 539 ̃ 1 1 1/2 ̃  ==================̃̃
430 528 1547 649 Mercredi 8 Février 1905, à 8½ hs. du soir
272 677 1717 906 Concert de Symphonie
347 938 1633 1021 PAR L'ORCHESTRE DE LA SOCIÉTÉ
416 1019 1568 1153 sous la direction de M. accavant DEURVELS
627 1151 1339 1247 ET AVEC LE CONCOURS DE MONSIEUR
368 1218 1606 1337 Joseph WATELET, Pianiste
921 1351 1048 1466 xx
744 1491 1228 1631 programme
1149 1545 1512 1664 imphonie
451 1648 1508 1748 Œuvres de Pierre Tschaïkouisky
1658 1698 1767 1792 ƒ
263 1744 967 1865 1. 6e Symphonie (Pathétique)
416 1844 1021 1905 A) Adagio — allegro non troppo
416 1896 837 1967 B)Allegro con grazia
416 1949 860 2011 c) allegro molto vivace
416 1992 980 2072 D) Finale — Adagio lamentoso
188 2036 1731 2116 Pierre Tschaïkowsky, décédé à Saint-Pétersbourg le 6 novembre 1893, à l'âge
269 2109 1733 2180 de 53 ans, avait écrit, entre autres œuvres, six symphonies dont la dernière, la
269 2162 1499 2222 « Symphonie pathétique », fut achevée peu de temps avant sa mort.
311 2203 1725 2266 Il est permis de supposer que les luttes, les joies, le triomphe d’un héros
267 2262 1418 2320 suivi d’une fin tragique, ont servi de sujet à cette composition.
303 2285 1731 2354 Le premier mouvement.est précédé d’un court Adagio qui contient en germe
267 2352 1725 2406 le thème principal de l'Allegro non troppo. Ce motif revêt bientôt un caractère
263 2400 1723 2456 énergique et passionné : le héros semble lutter contre lesomstacles que le Destin
267 2446 1723 2510 lui oppose. Peu à peu l’orchestre s’apaise pour faire entendre un motif d’une
272 2489 1723 2556 grâce etquise ; mais un territiant accord ramène le combat furieux, désespéré.
267 2546 1733 2608 La catastrophe est évitée par le retour du motif pacifiant, dont le charme radieux
269 2606 1030 2669 se maintient jusqu’à la fin de ce morceau.
311 2629 1723 2696 Aucun nuage n’assombrit l’Allegro con grazia qui suit. Ce mouvement se
267 2686 942 2755 distingue par sa richessa mélodique.
311 2728 1725 2794 Le troisième mouvement commence par un motif sautillant que les cordes et
267 2780 1735 2840 les bois se renvoient. Un thème de marche apparaît, grandit et parvient à
267 2826 1725 2892 dominer le thème du scherzando. Enfin, une marche pompeuse célèbre le
272 2880 1395 2968 triomphe du héros. C’est le point culminant de la symphonie.
