2056 3270
417 272 1842 354 Dès les premières mesures du dernier mouvement, l’impression change: après
374 331 1835 404 le triomphe, la catastrophe tragique. La mort approche. Un chant plaintif,
368 396 1835 454 motif de la résignation, est suivi d’une révolte violente : des lamentations, des
374 431 1835 494 cris de douleur se font entendre et vont en augmentant, jusqu’au retour, cette
378 489 1838 546 fois définitif, du motif de la résignation annonçant la catastrophe finale. Une
374 529 1505 581 douce péroraison s’exhale en soupirs presque imperceptibles.
418 579 1844 644 Ce « lamento » émeut d’avantage, quand on sait que Tschaikowsky est mort
374 631 952 707 peu de jours après l’avoir écrit.
368 703 1224 785 2. Concerto pour piano etennestre
524 757 1266 820 A)Allegro non troppo e molto maestoso
528 815 955 881 B) Andantino simplice
528 863 915 933 c) allegro con fuoco
633 909 1052 1002 M. J. WATELET
361 970 1305 1070 3. Andante cantabile (du Quator op. II)
368 1055 763 1146 4. A) En Troika
431 1101 1107 1218 B) L'Angoisse (valse-caprice)
641 1190 1031 1283 M. J. WATELET
355 1248 1042 1355 5. Marche du couronnement
467 1512 1724 1627 Piano PLEYEL de la Maison Louis ANTHONIS
361 1785 1849 1873 Mercredi 15: Concert avec le concours de M.Georges SURLEMONT, Baryton.
