2056 3270
42 2125 150 2259 2
336 327 1477 417 Koninklijke Maatschappij van Dierkunde
683 424 1162 525 VAN ANTWERPEN
174 506 1633 620 denennung wird zurücksehen wird.
270 613 1562 717 Woensdag 8 Februari 1905, te 8½ uren's avonds
174 723 1582 941 Symfonisch Concer
198 962 1615 1090 DOOR HET ORKEST DER MAATSCHAPPIJ
332 1064 1477 1174 onder de leiding van M. EDWERD REURVELS
547 1156 1299 1259 EN MET DE MEDEWERKING VAN DEN HEÉR
615 1240 1525 1340 WATELET, Pianist
277 1250 598 1351 Jozef
844 1336 963 1450 etc.
637 1461 1123 1587 programma
371 1598 1428 1701 Werken van Peter Tsehaikowsky
165 1701 848 1809 I. 6de Symfonie (Pathetische)
1474 1716 1644 1837 57
327 1787 951 1881 A) Adagio — allegro non troppo
327 1850 734 1916 B) Allegro con grazia
330 1896 773 1963 c) allegro molto vivace
327 1954 897 2017 D) Finale — Adagio lamentoso
204 2002 1644 2070 Peter Tschaikowsky (overleden te Petersburg den 6ten November 1893 in den
171 2064 1628 2127 ouderdom van 53 jaren) schreet o. a. zes symfonieën ; de « Pathetische » vol¬
174 2112 976 2165 tooide hij weinig dagen vóór zijn afsterven.
207 2147 1637 2224 Algemeen wordt verondersteld, dat dit werk tot onderwerp heeft den strijd,
171 2222 1549 2266 het genot en den zegepraal van eenen held, gevolgd van ein tragisch einde.
207 2250 1639 2323 Het eerste deel is voorafgegaan van een kort Adagio, hetwelk in kiem het
165 2308 1640 2365 hoofdtoonbeeld bevat van het Allegro non troppo. Dit mot ef verkrijgt weldra
165 2352 1628 2422 een krachtig en hartstochtelijk karakter: de held is in strijd met de hinder
172 2398 1635 2472 palen, hem in den weg gelegd door het Noodlot. Langzamerhand bedaart het
165 2442 1631 2516 orkest en laat een zacht streelend motif hooren, hetwelk zich eenigen tijc
165 2496 1642 2565 ontwikkelt. Een schrikwekkend akkoord brengt den verwoeden, wanhopigen
169 2547 1637 2609 strijd terug; de ontknooping wordt vermeden door de herneming van het
169 2595 1639 2666 gemoedelijk motief, wiens aanlokkende liefelijkheid de bovenhand behoudt tot
165 2646 758 2703 aan het einde van dit gedeelte.
209 2677 1640 2756 Niet eene donkere tint bespaurt men in het volgende dee', dat uitblinkt door
160 2752 444 2817 zangerigheid
206 2756 1639 2859 Het derde deel vangt aan met een huppelend motif, weg en weer dartelend
165 2824 1633 2910 tusschen de snaren en de houten blaasspeeltuigen. Een marschmotief lost zich
165 2874 1639 2986 daarop uit, wint allengs in kracht en uitbeelding, en eindigt met het huppelend
