2056 3270
352 274 1812 354 motief gansch te verdringen en te beheerschen. Eene statige marsch bezingt
356 336 1601 391 den zegepraal van den held. Hier ligt het zwaartepunt der symfonie.
392 370 1814 445 Reeds bij de eerste klanken van het laatste deel verandert de indruk ; na den
360 434 1809 485 zege, het tragisch einde. De dood nadert. Een klagende zang, let motief der
365 480 1805 537 gelatenheid, wordt gevolgd van een geweldigen opstand : weeklachten, smart
365 520 1814 582 kreten geven zich lucht en worden steeds heviger, tot eindelijk het motief der
360 575 1803 631 gelatenheid terugkeert, dat het treurig slot aankondigt. — Eene zachte narede
356 620 1257 672 een schier onhoorbaar gezucht, besluit het werk.
398 646 1814 739 Deze treurzang ontroert des te meer, wanneer men bedenkt dat Tschaikowsky
356 717 1212 803 overleed, korts na hem te hebben geschreven.
360 790 1173 849 2. Concerto voor klavier en orkest
515 845 1248 934 A) allegro non troppo e molto maestoso
513 905 931 978 B) Andantino simplice
506 953 896 1037 c) Allegro con fuoco
666 991 1057 1073 M J. WATELET
350 1048 1504 1146 3. Andante Cantabile (uit het Strijkkwartet op. II)
358 1132 728 1214 4. A) In Troika
420 1197 980 1278 B) Angst (fantazie-wals)
624 1261 1027 1352 M. J. WATELET
349 1321 836 1422 5. Kronibgsmarsch
425 1602 1776 1688 Concertvleugel PLEYEL uit het huis L. ANTHONIS
361 1887 1829 1944 Woensdag 15: Concert met de medewerking van den Heer G. SURLEMONT,
431 1936 595 2018 Bariton
1130 2717 1809 2840 Drukk. F. Janssens-Anthonis. - Antwerpen.
