2056 3270
518 331 1564 435 Société Royale de Zoologie d'Anvers
304 443 1767 550 ̃ 1 1 1/2 1/4 ̃  ==================̃
465 539 1606 633 Mercredi 15 Février 1905, à 8½ hs. du soir
338 647 1772 852 Concert de Symphonie
390 874 1671 978 PAR L'ORCHESTRE DE LA SOCIÉTÉ
461 982 1598 1084 sous la direction de M. EDWERD REURVELS
667 1090 1383 1181 ET AVEC LE CONCOURS DE MONSIEUR
583 1165 1485 1273 G. SURLEMONT (Baryton)
975 1269 1095 1372 etc.
797 1397 1271 1522 programme
294 1509 667 1604 I. Tannhäuser
1280 1505 1675 1631 RICH. WAGNER
404 1593 704 1659 A) Ouverture
415 1635 1110 1704 B) Chant de concours de Wolfram
574 1688 1030 1770 M. G. SURLEMONT
296 1746 1761 1829 2. 7e Symphonie (en La majeur) œuvre 92 L.VAN BEETHOVEN
494 1810 629 1882 (1812)
413 1847 955 1949 A) Poco sostenuto. — Vivace
415 1915 678 1986 B) allegretto
415 1960 602 2024 c) Presto
419 2002 783 2088 D) Allegro con brio
382 2076 1767 2130 Le premier morceau s’ouvre par une large et pompeuse introduction où la
296 2127 1767 2185 mélodie, les modulations, les dessins d'orchestre, se disputent successivement
300 2163 1767 2222 l’intérêt,et qui commence par un de ces effets d’instrumentation dont Beethoven
300 2220 1761 2268 est incontestablement le créateur. La masse entière frappe un accord fort et
296 2264 1757 2324 sec laissant à découvert, pendant le silence qui lui succède, un hautbois, dont
296 2310 1759 2365 l’entrée, cachée par l'attaque de l’orchestre, n’a pu être aperçue, et qui déve¬
296 2361 1767 2416 loppé seul en sons tenus la mélodie. On ne saurait débuter d’une façon plus
296 2397 1759 2461 originale. A la fin de l’introduction, la note mi dominante de 1a, ramenée après
300 2467 1761 2509 plusieurs exc les uns voisins, devient le sujet d’un jeu de timbres
304 2494 1761 2558 entre les violons et les flûtes. Le mi va et vient, sans accompagnement, pendant
296 2549 1759 2611 six mesures, changeant a’aspect chaque fois qu’il passe des instruments à cordes
296 2600 1759 2654 aux instruments à vent ; gardé définitivement par la flûte et le hautbois, il sert
300 2639 1756 2707 à lier l'introduction à l’allegro, et devient la première note du thème principal,
300 2696 1141 2769 dont il dessine peu à peu la forme rythmique.
380 2728 1761 2796 L’emploi d’une formule rythmique obstinée n’a jamais été tenté avec
300 2783 1756 2842 autant de honheur ; et cet allegro, dont les développements considérables
305 2840 1768 2893 roulent constamment sur la même idée, est traité avec une si incroyable
296 2893 1761 2972 sagacité, les asriations de la tonalité y sont si fréquentes, si ingénieuses, les
