2056 3270
374 272 1852 357 accords y forment des groupes et des enchaînements si nouveaux, que le
372 333 1854 413 morceau finit avant que l'attention et l’émotion chaleureuse qu’il excite chez
380 391 1385 471 l'auditeur aient rien perdu de leur extrême vivacité.
458 428 1856 514 Le rythme, un rwithme simple comme celui du premier morceau, mais
376 486 1852 564 d’une forme différente, est encore la cause principale de l’incroyable effet
382 530 1854 610 produit par l’allegretto. Il consiste uniquement dans un dactyle suivi d’un
374 586 1852 635 spondée, frappés sans relâche, tantôt dans trois parties, tant êt  dans une seule,
380 635 1850 696 puis dans toutes ensemble ; quelquefois servant d’accompagnement, souvent
378 674 1850 741 concentrant l'attention sur eux seuls, ou fournissant le premier thème d'une
385 741 1848 800 petite fugue épisodique à deux sujets dans les instruments à cordes. Ils se
380 769 1843 841 montrent d’abord dans les cordes graves des altos, des violoncelles et des
374 817 1843 875 contre-basses, nuancés d’un piano simple, pour être répétés bientôt après
376 873 1850 944 dans un pianissimo plein de mélancolie et de mystère ; de là, ils passent aux
376 931 1841 983 seconds violons, pendant que les violoncelles chantent une sor e de lamen¬
374 979 1846 1033 tation dans le mode mineur ; la phrase rythmique s'élevant toujours d’octave
369 1026 1846 1066 en octave, arrive aux premiers violons, qui, par un cres-eendo, la transmettent
369 1065 1841 1122 aux instruments à vent, dans le haut de l’orchestre où elle éclate alors dans
374 1120 1844 1178 toute sa force. Là-dessus, la mélodieuse plainte, émise avec plus d’énergie,
376 1163 1848 1227 prend le caractère d’un gémissement convulsif; des rythmes inconciliables
369 1206 1841 1279 s’agitent péniblement les uns contre les autres; ce sont des pleurs, des
370 1271 1848 1318 supplications ; c’est l’expression d’une douleur sans bornes, d'une souffrance
369 1312 1846 1368 dévorante... Mais une lueur d’espoir vient de naître : à ces accounts déchirants
370 1361 1844 1418 succède une vaporeuse mélodie, pure, simple, douce, triste et résignée comme la
370 1416 1848 1467 patience souriant à la douleur. Les basses seules continuent leur inexorable
359 1463 1113 1532 rythine sous cet arc-en-ciel mélodieux.
445 1487 1839 1563 Après quelques alternatives semblables d’angoisse et de résignation,
365 1552 1844 1608 l’orchestre, comme fatigué d’une si pénible lutte, ne fait plus entendre que des
363 1606 1843 1668 débris de la phrase principale; il s’éteint affassé.Les flûtes et les hautbois repren¬
361 1657 1839 1701 nent le thème d’une voix mourante, mais la force leur manque pour l’achever
355 1703 1839 1768 ce sont les violons qui la terminent par quelques notes de pizzicato à peine
369 1755 1839 1815 perceptibles ; après quoi, se ranimant tout à coup comme la flamme d’une
361 1804 1843 1858 lampe qui va s’éteindre, les instruments à vent exhalent un profond soupir sur
365 1854 1228 1908 une harmonie indécise et... le reste est silence.
439 1891 1843 1958 Le motif du scherzo est modulé d'une façon très neuve et contraste par
354 1943 1835 2008 son allègre vivacité. Le trio (presto meno assaï), où les violons tiennent presque
365 2003 1835 2055 continuellement la dominante, pendant que les hautbois et les clarinettes
359 2034 1839 2113 exécutent une riante mélodie champêtre au-dessous, est tout-à-fait dans le
355 2099 1024 2159 sentiment du paysage et de l’idylle.
439 2140 1831 2213 Le finale est au moins aussi riche que les morceaux précédents en nouvel¬
355 2189 1634 2269 les combinaisons, en modulations p:quantes, en caprices charmants.
434 2239 1839 2302 La coda est d’un éclat extraordinaire, et bien digne le terminer un pareil
357 2289 1839 2377 chef-d’œuvre d’habileté technique, de goût, de fantaisie, de savoir et d'in-
354 2327 549 2410 spiration.
1407 2384 1764 2479 HECTOR BERLIOZ.
342 2421 1124 2548 3. A) Romance à l’Etoile du soir
1340 2448 1744 2554 RICH. WAGNER
549 2509 910 2596 (du Tannhäuser
411 2567 932 2656 B) Le Roi des Aulnes
1333 2585 1724 2678 FR. SCHUBERT.
493 2632 1173 2721 (lied ; orchestré par Hector Berlioz)
620 2691 1070 2775 M. G. SURLEMONT
348 2738 713 2848 4. Festmarsch
1338 2755 1657 2868 ED. LASSEN
341 2853 1835 2991 Mercredi 22: Concert avec le concours de M. A. GODENNE, Violoncelliste..
