2056 3270
348 308 1481 409 Koninklijke Maatschappij van Dierkunde
701 422 1162 511 VAN ANTWERPEN
188 503 1654 588 ̃ ̃ *  ================= ==================
264 579 1589 688 Woensdag 15 Februari 1905, te 8½ uren's avonds
183 734 1611 926 Symfonisch Concer
221 931 1639 1023 DOOR HET ORKEST DER MAATSCHAPPIJ
356 1038 1501 1145 onder de leiding van M. EDWERD REURVELS
572 1147 1328 1226 EN MET DE MEDEWERKING VAN DEN HEER
481 1208 1410 1320 G. SURLEMONT (Bariton)
872 1315 994 1433 etc.
673 1438 1165 1576 programma
1191 1543 1591 1672 RICH. WAGNER
205 1549 560 1667 I. Tanhäuser
321 1645 673 1707 A) Openingstuk
317 1683 1112 1777 B) Wolfram's lied (uit de Zangersstrijd)
476 1739 940 1809 M. G. SURLEMONT
201 1779 1678 1857 2. 7de Symfonie (in A dur) 92ste werk (1812) L. VAN BEETHOFEN
326 1847 868 1930 A) Poco sostenuto. — Vivace
330 1899 579 1973 B)Allegretto
326 1953 503 2017 c) Presto
334 1973 693 2063 D) allegro con brio
291 2024 1683 2098 Het eerste deel vangt aan met eene breede, statige inleiding, waarin opvol-
219 2083 1698 2157 gentlijk de melodie, de toonovergangen en de orkestrale uitbeelding om ’t meest
219 2124 1696 2198 de belangstelling wekken, en welke begint met een dier effekten waarvan
219 2185 1687 2246 Beethoven onbetwistbaar de schepper is. Geheel de massa slaat een sterk er
219 2220 1698 2290 kort akkoord; gedurende de stilte, welke daarop volgt, verneemt men een
227 2270 1689 2343 hobo, wiens inzet niet werd waargenomen, verborgen als hij was door den uitval
223 2318 1689 2399 van het orkest, en die alleen in gehoudene tonen de melodie ontwikkelt. Op
229 2375 1237 2436 eigenaardigere wijze zou men niet kunnen aanvangen.
301 2404 1700 2476 Het einde der inleiding is gekenmerkt door een kleurenspel tusschen
229 2460 1689 2537 violen en fluiten op den toon E ; deze toon, teruggebracht als beheerschende var
225 2506 1696 2587 A na verscheidene uitweidingen in verwante toonaarden, gaat en komt, zonder
229 2559 1694 2640 begeleiding, gedurende zes maten, en verandert van uitzicht telkens hij van de
225 2600 1693 2677 snaren naar de blazers overgaat; eindelijk vastgehouden door de fluit en de hobo,
225 2655 1700 2729 dient hij om de inleiding te verbinden aan het allegro, en wordt de eerste toon
234 2707 1626 2769 van het hoofdtoonbeeld, wiens rhythmische vorm hij stillerhand afteekent.
302 2749 1698 2830 De aanwending van een streng volgehouden rhythmischen vorm werd nooit
229 2799 1698 2884 met zooveel geluk beproefd, en dit allegro, wiens aanzienligke ontwikkelingen
234 2838 1700 2920 voortdurend over een zelfde denkbeeld loopen, is met een zoo ongeloofelijk
236 2893 1702 2978 vernuft behandeld, — de verscheidenheden van het toonwezen zijn erin zoo
234 2946 1711 3027 veelvuldig en zoo spitsvondig, — de akkoorden vormen er zulke nieuwe groepen
