2056 3270
321 273 1785 345 en aaneenschakelingen, dat het stuk eindigt alvorens de aandacht en de ontroe¬
330 332 1783 418 ring, die het bij den aanhoorder opwekt, iets verloren hebben van hunne
330 368 737 440 uiterste levendigheid
407 427 1785 493 De rhythmus, een eenvoudige rhythmus als dien van het eerste deel, doch
326 480 1783 542 verschillig van vorm, is nogmaals de oorzaak van den buitengewonen indruk,
330 528 1789 585 taweeg gebracht door het allegretto. Hij bestaat uit een dactylus gevolgd van
326 574 1792 632 een spondeus, zonder ophouden herhaald nu eens door eenige speeltuigen, dan
334 625 1789 685 weer door een enkel, soms door allen te zamen ; bijwijlen doet hij dienst als
326 662 1785 728 begeleiding, andermaal trekt hij al de aandacht op zich alleen of levert de stof
326 726 1785 773 voor het eerste toonbeeld eener kleine fuga met twee onderwerpen. Eerst
328 775 1785 836 vertoont hij zich, enkel-zacht geschakeerd, in de zware snaarspeeltuigen (altos,
330 815 1779 874 cellos en contra-basviolen), om weldra dubbel-zacht hernomen te worden in een
323 869 1783 925 pianissimo vol weemoed en geheimnis ; dan gaat hij over tot de tweede violen,
332 909 1789 979 terwijl de cellos een soort van klaaglied zingen; van octaaf tot ostaaf opstijgende
326 944 1783 1019 komt de rhythmische zet tot de eerste violen, die langs een crescendo hem
324 1013 1783 1070 overdragen op de blaasspeeltuigen naar de hoogere ligging van het orkest, waar
321 1056 896 1118 hij met volle kracht losbreekt.
398 1092 1779 1171 Met meer klem thans vooruitgesteld, verkrijgt het zangerige klaaglied dan
324 1149 1785 1209 het karakter van een snokkend gezucht ; onvereenigbare rhythmussen wringen
323 1208 1779 1272 stuitend tegen elkander ; het is als een gesnik, een jammergeschrei, de uitdruk¬
321 1237 1779 1319 king eener peillooze smart, van een verteerend leed...Maar een straal van hoop
324 1296 1779 1358 blinkt : op deze verscheurende klanken volgt eene zweevende melodie, zuiver,
324 1351 1774 1398 eenvoudig, zacht, droef en gelaten als het geduld glimlachend tot de smart
319 1400 1776 1450 Alleen de bassen volvoeren onverzettelijk hunnen rhythmischen gang onder
321 1431 896 1492 dien melodischen kleurenboog.
392 1492 1783 1559 Na eenige zulkdanige afwisselingen van angst en overgeving, laat het
315 1526 1787 1602 orkest, als afgemat van een zoo pijnlijken strijd, slechts nog brokgedeelten
321 1581 1785 1642 hooren van den bijzondersten volzin ; moedeloos zijgt het neder. De fluiten en
324 1629 1783 1691 hoboën hernemen wegstervend het thema, maar de kracht faalt hen om het
313 1682 1774 1754 te voleinden ; het zijn de violen die den zet sluiten met eenige ternau-
315 1734 1776 1790 wernood hoorbare pitsnoten, waarna, schielijk opflikkerend als de vlam eener
324 1774 1779 1842 lamp die gaat uitdooven, de blaasspeeltuigen een diepen zucht slaken op eene
315 1827 1167 1884 onbepaalde harmonie en... wat volgt is stilte.
385 1880 1778 1946 Het scherzo-motief (presto), op zeer nieuwe wijze gevormd en uitgewerkt,
317 1926 1783 1977 staat daar tegenover door zijne opgeruimde levendigheid. Het trio (presto meno
315 1975 1776 2036 assai), waar de violen schier voortdurend de beheerschende noot houden,terwij
317 2010 1781 2102 daarhoven de hoboën en klarinetten een vroolijken veldzang doen galmen,
317 2067 1343 2133 draagt geheel en al het landelijk en iddyllisch karakter
396 2111 1779 2172 Het laatste deel is ten minste even rijk aan nieuwe koppelingen,onvoorziene
310 2151 1774 2219 toonovergangen en bekoorlijke vondsten als de vorige. Het slotstuk heeft een
315 2214 1781 2281 ongemeenen glans en is ten volle waardig een meesterwerk te bekronen, dat
315 2261 1701 2325 getuigt van zooveel vaardigheid, smaak, fantazie, wetenschap en bezieling.
1398 2311 1737 2379 HECTOR BERLIOZ.
306 2335 1001 2445 3. A) Lied aan de Avondster.
1294 2362 1686 2450 RICH. WAGNER
506 2415 885 2485 (uit Tannhäuser)
365 2478 821 2566 B) De Elzenkoning
1288 2463 1666 2571 FR. SCHUBERT
506 2534 1252 2606 (lied ; orkestbewerking van Hector Berlioz
574 2591 1039 2666 M. G. SURLEMONT
301 2633 687 2729 4. Festmarsch
1288 2628 1600 2729 ED. LASSEN
317 2743 1774 2813 Woensdag 22 : Concert met de medewerking van den Heer A. GODENNE,
431 2789 570 2861 Cellist
1072 2811 1741 2928 Drukk. F. Janssens-Anthonis. — Antwerpen.
