2056 3270
482 385 1520 526 Société Royale de Zoologie d'Anvers
274 524 1719 631 ...................................
429 611 1571 725 Mercredi 22 Février 1905, à 8½ hs. du soir
283 757 1725 989 Concert de Symphonie
363 996 1635 1124 PAR L'ORCHESTRE DE LA SOCIÉTÉ
431 1133 1564 1225 sous la direction de M. EDWARD REURVELS
637 1237 1349 1329 ET AVEC LE CONCOURS DE MONSIEUR
504 1314 1489 1429 Laurent lWOLF S (Ténor)
942 1453 1049 1555 &C
754 1602 1237 1739 programme
265 1743 1013 1860 I. Deux poèmes symphoniques
1232 1759 1579 1847 FR. SMETANA
423 1820 1208 1916 (Nos I et 2 du cycle « Ma Patrie »)
341 1903 652 1989 A) Vysehrad
345 1984 1732 2048 A l’aspect de la célèbre forteresse Vyschrad, le Poète entend chanter en
270 2039 1734 2093 sa mémoire les odes que Lumir, l’Orphée du peuple tchèque, composa en un
276 2088 1734 2143 passe lointain. A ses yeux, Vysehrad se dresse dans toute la splendeur d’antan,
270 2137 1725 2206 avec ses sanctuaires drapés d’or, ses bourgs altiers où éclatait la pompe des
279 2175 624 2241 princes et des rois.
345 2228 1730 2289 Au son joyeux des cymbales et des trompettes, les chevaliers valeureux
274 2278 1723 2331 s’assemblent sur les esplanades et s’apprêtent au tournoi. Les combattants se
266 2327 1725 2382 rangent, revêtus de leurs armures, étincelant au soleil, et Vysehrad, qu’emplit
274 2376 1692 2433 la rumeur bruyante des chevaliers, résonne de cris et de chants d’alléresse.
345 2422 1725 2477 Plongé dans sa méditation sur la gloire passée du vénérable bourg royal, le
266 2477 1726 2531 Poète s’en rappelle aussi la déchéance. Les passion déchaînées et les luttes
270 2522 1719 2570 acharnées ont abattu sous leurs rafales les tourelles altières, dévasté les sanc
274 2560 1732 2623 tuaires glorieux et les majestueuses halles princières. Les nobles hymnes et les
274 2612 1440 2661 chants d’allégresse ont fait place à de sauvages scènes de guerre.
345 2659 1725 2716 L’ouragan, last apaisé : Vysehrad n’est plus qu’une ruine morne,
266 2710 1728 2769 abandonnée, attestant la gloire du passé ; seuls y pleurent encore, vagues et en
276 2756 1734 2829 un écho douloureux, les hymnes, depuis longtemps éteints, de humir, le roi des
270 2803 484 2884 chanteurs
