2056 3270
427 258 946 346 B) Vltava (la Moldau)
436 337 1820 394 Deux sources jaillissent dans la forêt ombragée de Bohème : l’une est
356 387 1814 447 chaude et bouillonnante ; l’autre fraiche et tranquille. Leurs ondes, en mur¬
356 438 1820 487 murant joyeusement dans les rochers, se réunissent et brillent aux rayons du
363 478 1818 531 soleil matinal Traversant les contrées de la Bohème, le rapide.torrent grossit et
363 526 1818 586 devient le fleuve Vitara (la Moldau) ; il fuit à travers des forêts épaisses dans
359 577 1818 638 lesquelles on entend de plus en plus distinctement le joyeux passage d’une
356 619 1820 684 chasse et le son du cor ; il traverse des terres basses, riches en prairies, où l’on
356 671 1820 735 célèbre gaiment une noce par des chants et des danses. La nuit, les nymphes des
359 717 1827 784 forêts et des eaux s’ébattent dans les ondes qui étincellent au clair de lune et
365 779 1820 828 reflètent de nombreux châteaux-forts, témoins de la splendeur passée, de la
363 812 1820 869 chevalerie et de la gloire guerrière disparue. Le fleuve tourbillonne dans les
361 852 1822 931 rapides de Saint-Jean, bouillonne en cascades, et ses ondes écumantes se frayent
365 913 1820 964 violemment passage entre les parois du rocher, pour gagner le large lit dans
356 966 1820 1032 lequel elles coulent, majestueuses et tranquilles, devant Prague, au pied du
365 1015 979 1068 vénérable château-fort Vysehrad.
434 1052 1820 1121 Puis, les flots disparaissent dans le lointain où le regard du Poète ne peut
365 1092 640 1180 plus les suivre.
350 1153 1215 1266 2. Die Meistersinger von Nürnberg
469 1244 709 1312 A) Prélude
462 1316 1323 1411 B) Chant de concours de Walther (3e acte)
586 1380 953 1468 M. L. Swolffs
354 1446 684 1537 3. Lohengrin
1362 1481 1792 1574 RICH. WAGNER
473 1532 715 1605 1) Prélude
462 1581 1019 1671 B) Récit du Graal (3e acte)
586 1660 949 1752 M. L. swolffs
350 1726 1255 1812 4. Marche funèbre pour la mort de
456 1803 1290 1911 Siegfried (du Crépuscule des Dieux)
356 2111 1829 2177 Mercredi 1 Mars : Concert avec le concours de M. MauriceGEERAERT,
429 2161 612 2236 Pianiste.
