2056 3270
388 328 1524 435 Koninklijke Maatschappij van Dierkunde
723 428 1202 533 VAN ANTWERPEN
220 482 1680 616 0.3.40
288 599 1618 731 Woensdag 22 Februari 1905, te 8½ uren's avonds
200 776 1605 964 Dymionisch Concer
138 946 1654 1110 DOOR HET ORKEST DER MAATSCHAPPI.
367 1070 1513 1189 onder de leiding van M. EDWERD REURVEIS
571 1192 1326 1302 EN MET DE MEDEWERKING VAN DEN HEER
429 1283 1424 1417 Laurens SUOLES (Tenor)
878 1400 985 1509 etc.
661 1533 1142 1663 programma
194 1658 953 1748 I. Twee symfonische gedichten
1162 1680 1511 1774 FR. SMETANA
260 1737 1121 1840 (Nrs 1 en 2 uit den cyclus « Mijn Vaderland»
258 1803 567 1882 A) Vysehrad
266 1867 1656 1961 Bij den aanblik der roemvolle vesting Vysehrad wordt de Dichter herinnerd
186 1920 1650 2023 aan Lumir’s Varytozangen uit het verre verleden. Voor zijne oogen verheft zich
190 1987 1643 2070 Vysehrad in al haren gewezen glans, bekroond met de goudgesmukte heilig¬
188 2027 1654 2129 dommen en de trotsche, van krijgsroem vervulde burchten der Premysliden¬
188 2061 588 2136 vorsten en koningen.
260 2125 1654 2202 Op de voorhoven en pleinen stroomt de dappere ridderschap, onder het
186 2163 1654 2253 opwekkend geluid van cimbalen en trompetten, te zamen voor ’t feestelijk
188 2234 1650 2296 steekspel. Ompantserd met hunne rijke wapenrustingen, schitterend in den
186 2270 1646 2347 zonneglans, rangschikken zich daar de krijgersscharen ten zegerijken kamp.
183 2317 1646 2400 Vysehrad dreunt van heerlijke lofzangen en van het gejuich en gejubel der
186 2366 659 2428 strijdlustige ridderschap.
258 2421 1645 2500 Verdiept in de beschouwing van den alouden roem der koninklijke vesting,
179 2458 1648 2543 herdenkt de Dichter tevens har’n ondergang. De ontketende hartstochten halen
177 2507 1641 2583 in eenen verbitterden kamp de hooge torens neder, verwoesten de glorievolle
177 2551 1639 2637 heiligdommen en trotsche vorstenhallen. De verhevene gezangen en de jubel¬
173 2601 1249 2669 kreten hebben plaats gemaakt voor wilde krijgstooneelen.
252 2654 1656 2731 De schrikkelijke storm heeft uitgewoed : Vysehrad is een stom verlaten
179 2716 1643 2779 gedenksteen geworden van verleden heerlijkheid; uit zijne puinen weerklinkt
171 2756 1633 2844 treurig nog de nagalm der sedert lang verstomde hymnen van den zangersvorst
164 2795 328 2876 Lumir.
