2056 3270
425 371 953 475 B) Vltava (de Moldau)
449 427 1822 514 Twee bronnen ontspringen den bodem van het lommerrijke Boheemsche
362 486 1816 558 woud; de eene borrelt ziedend op, bruist en schuimt ; de andere, helder en
362 534 1814 620 frisch, vliet stil verder. Vroolijk murmelend langs de rotsen, vereenigen zich
371 601 1790 662 hunne wateren tot eenen stroom, tietelend onder de stralen der ochtendzon.
365 634 1820 709 Naarmate hij door de streken van Bohemen kronkelt, zwelt de snelle stroom en
362 690 1818 740 wordt Vl'ava (de Moldau) ; door dichte bosschen gollt hj, en langs zijne zoomen
371 731 1827 794 weerklinkt luid en luider het opwekkend getoet van den jachthoorn; door de lage
367 783 1829 851 landen schiet hij voort, langs weelderige weiden en beemden, waar bruiloft
367 827 1814 887 wordt gevierd bij zang en dans. Des nachts komen lustige woud- en waternim
371 876 1825 940 fen zich vermeien in den klaren breeden plas, die glinstert in den maneschijn
365 931 1818 994 en de talrijke burchten weerspiegelt, getuigen van verledene pracht, ridderspe
375 966 1831 1039 en krijgsroem. De polven koken en bruisen in de St-Janskolken, bulderen in
377 1004 1853 1087 de watervallen, en de wilde vloed breekt zich met geweld eenen weg tusschen de
375 1061 1827 1132 eeuwenoude rotswanden, om de wijde bedding te genaken, waarin hij fier en
377 1113 1831 1191 statig, Praag begroet, stroomend voorbij het eerbiedwaardig slot Vysehrad, dat
377 1161 1721 1235 hem verwelkomt. Dan verdwijnt hij in de verte voor het oog des Dichters.
375 1230 1219 1332 2. Die Meistersinger von Nürnberg
497 1313 757 1395 1) Voorspel
486 1358 1191 1465 B) Walther's Prijslied (3de bedrijf)
603 1443 972 1532 M. L. Swolffs
377 1516 720 1599 3. Lohengrin.
1447 1540 1848 1619 RICH. WAGNER
493 1593 753 1671 A) Voorspel
488 1664 1273 1723 B) Verbaal van den Graal (3de bedrijf)
610 1718 976 1816 M. L. swolrs
377 1777 1373 1879 4. Treurmarsch bij den dood van Siegfried
482 1866 1080 1977 (uit Die Götterdämmerung
390 2146 1879 2243 Woensdag 1 Maart : Concert met de medewerking van den Heer Maurits
462 2237 922 2332 GEERAERT, Pianist.
527 2816 1746 2938 93, Beggijnenvest en 5, Koninginstraat, Antwerpen.
