2056 3270
445 170 1586 279 Koninklijke Maatschappij van Dierkande
796 279 1268 374 VAN ANTWERPEN
288 360 1747 442 ̃ 1 ̃ „ „ r * * „ * * *
350 442 1681 555 Zondag 26 Februari 1905, te 3½ uren ’s namiddags
1197 628 1672 756 Concer
281 551 1141 772 Symfonisch
316 766 1719 887 DOOR HET ORKEST DER MAATSCHAPPIJ
445 881 1588 976 onder de leiding van M. ED kan DeurveLS
960 956 1073 1077 &c
768 1068 1245 1203 programma
944 1195 1106 1274 1e DEEL
290 1223 657 1341 I. Zegemarsch
1256 1268 1710 1349 Joz. HUYBRECHTS
288 1325 1108 1413 2. Leichte Cavalerie (opingstuk)
1267 1334 1677 1407 FR. VON SuppPÉ
288 1392 1084 1451 3. Dans in Hongaarschen trant
1252 1391 1734 1467 ARM. TIMMERMANS
288 1440 1217 1533 4. La Corte de Granada (Moorsche fantazie)
1256 1447 1562 1526 RUP. CHAPI
407 1504 1219 1560 A) Inleiding (te Grenada) ; B) Optocht naar
451 1553 1210 1626 het steekspel; c) Overpeinzing; D) Avond
453 1597 743 1683 groet; E) Slot;
934 1641 1111 1708 2e DEEL
283 1684 1223 1799 5. Agneessens (dramatisch openingstuk
1252 1690 1597 1792 H. VAELPUT
288 1772 869 1827 6. Landelijke tooneelen
1246 1768 1590 1852 J. MASSENET
403 1820 1166 1900 A) Marsch; B) Danswijze; c) Angelus;
482 1872 878 1940 b) Boheemsch feest ;
297 1925 1157 1984 7. De Schelde (inleiding van het oratorium).
1256 1900 1632 2008 PETER BENOIT
407 1980 1166 2055 Zomeravond aan de boorden der Schelde
290 2022 708 2101 8. Lustige Wals.
1256 2020 1637 2110 EM. WAMBACH
297 2128 1752 2216 Woensdag 1 Maart : Concert met de medewerking van den Heer Maurits
330 2166 787 2239 GEERAERT, Pianist.
297 2223 1752 2290 Woensdag 8 : Concert ter nagedachtenis van de Meesters PETER BENOIT en
332 2267 1234 2332 HECTOR BERLIOZ (8 Maart 1901 en 8 Maart 1869)
303 2310 1747 2387 Woensdag 15 : Concert met de medewerking van den Heer Edm DE HERDT
341 2365 500 2429 (Violist).
297 2409 1750 2491 Woensdag 22: LICHTBEELDEN.— Uitvoering van Venise van Radoux, voor
332 2464 1504 2531 Verhaler, Soli, klein Gemengd Koor, Orgel en Snaarspeeltuigen.
294 2518 1681 2610 Woensdag 29 : Festival Vincent d’Indy, onder de leiding van den Meester.
283 2619 1748 2712 Mej. L. DESMAISONS (Pianiste) en M.L. ANGELOTY (Violist) geven op
330 2683 1752 2748 Vrijdag 3 Maart, om 81/2 uren ’s avonds, eenen Muzickavond in de Marmeren
323 2732 1747 2809 Zaal der Koninklijke Maatschappij van Dierkunde. Toegangsprijs : 2 Frank.
345 2796 1750 2842 — De Leden der Maatschappij van Dierkunde genieten, op vertoon hunner
327 2829 1747 2896 ledenkaart, eene prijsvermindering van 50 %. De kaarten worden uitgedeeld
321 2867 1748 2962 aan de winketten der Maatschappij en, den avond van het concert, aan den
319 2922 630 2991 ingang der zaal.
285 2971 1754 3070 N. B.— Niet ingenomen plaatsen mogen onder geen voorwendsel voorbehouden
325 3017 489 3095 worden.
1040 3057 1716 3165 Drukk. F. Janssens-Anthonis. — Antwerpen.
