2056 3270
481 160 1513 281 Société Royale de Zoologie d'Anvers
275 285 1708 351 ...................................,  ==================
340 356 1665 463 Dimanche 26 Février 1905, à 3½ hs. de l'après-midi
274 468 1719 659 Concert de Symphonie
362 707 1632 812 PAR L'ORCHESTRE DE LA SOCIÉTÉ
432 801 1555 867 sous la direction de M. ED daRD REURVELS
938 894 1050 1004 xx
749 1010 1234 1138 programme
894 1133 1122 1219 1r.o PARTIE
261 1173 993 1265 I. Marche triomphale.
1228 1195 1671 1287 Joz. HUYBRECHTS
1239 1262 1618 1342 FR. VON Suppé
264 1252 1054 1333 2. Leichte Cavalerie (ouverture)
264 1324 1054 1401 3. Danse dans le style hongrois
1238 1315 1699 1390 ARM. TIMMERMANS
266 1388 1201 1447 4. La Corte de Granada (fantaisie mauresque)
1232 1379 1541 1469 RUP. CHAPI
384 1434 1210 1498 A) Introduction (à Grenade) ; b) Marche au
443 1487 1194 1548 Tournoi ; c) Méditation : b) Sérénade ;
443 1535 643 1612 E) Finale ;
878 1568 1122 1660 2mo PARTIE
264 1669 1149 1765 5. Agneessens (ouverture dramatique
1234 1654 1568 1743 H. VAEL vt
264 1721 815 1798 6. Scènes pittoresques
1228 1711 1570 1812 J. MASSENET
384 1777 1129 1862 A) Marche ; B) Air de danse ; c) Angélus ;
446 1829 720 1886 Fête bohême ;
274 1875 1063 1943 7. De Schelde (introduction de l’oratorio)
1228 1858 1605 1957 PETER BENOIT
380 1939 977 2011 Soir d’été aux bords de l’Escaut
261 1981 690 2073 8. Valse joyeuse
1228 1963 1621 2071 EM. WAMBACH
266 2104 1733 2165 Mercredi 1 Mars : Concert avec le concours de M. MauriceGEERAERT,
303 2154 479 2222 Pianiste
259 2185 1735 2270 Mercredi 8 : Audition en mémoire des Maîtres PETER BENOIT et HECTOR
299 2251 1023 2304 BERLIOZ (8 Mars 1901 et 8 Mars 1869).
261 2282 1728 2352 Mercredi 15 : Concert avec le concours de M. Edm. DEHERDT ( Violoniste)
266 2343 1430 2398 Mercredi 22 : SOIRÉE DE PROJECTIONS LUMINEUSES.
1473 2349 1737 2413 Exécution de
303 2400 1743 2457 l'œuvre Venise, de Ch. Radoux, pour récitant, soli, petit chœur sixte, orgue
303 2446 744 2510 et instrument à corde.
261 2488 1700 2567 Mercredi 29 : Festival Festivai Vincent d’Indy, sous la direction du Maître.
948 2552 1056 2642 * *
261 2622 1728 2686 Mlle DESMAISONS (Pianiste) et M. L. ANGELOTY (Violoniste), orga-
299 2690 1735 2738 nisent le Vendredi 3 Mars, à 8 1/2 hs. du soir, une Séance de Musique de
307 2734 1737 2791 Chambre dans la Salle des Marbres de la Société Royale de Zoologie. Prix
308 2784 1732 2844 d’entrée : 2 Francs. — MM. les Membres de la Société de Zoologie jouiront,
297 2833 1728 2903 sur présentation de leur carte de sociétaire, d’une réduction de prix de 50 %.
314 2877 1732 2949 — Les cartesse délivrent aux guichets de la société, et, le soir du concert, à
297 2929 672 2995 l’entrée de la salle.
261 2973 1656 3046 N.-B. — On ne pourra retenir sous aucun prétexte des places non occupées.
