2056 3270
461 163 1601 263 Koninklijke Maatsehappij van Dierkunde
801 270 1276 376 VAN ANTWERPEN
299 356 1776 448 (3,3)3.3.8.25^8.8-8.
415 432 1638 544 Woensdag 1 Maart 1905, te 8½ uren ’s avonds
292 536 1699 747 Symfonisch Concer
318 773 1730 867 DOOR HET ORKEST DER MAATSCHAPPIJ
455 891 1585 953 onder de leiding ’van M. EDWERD REURVELS
665 936 1412 1034 EN MET DE MEDEWERKING VAN DEN HEER
433 1012 1609 1133 MauritsGEERAERT (Pianist)
957 1126 1078 1223 &C
758 1236 1236 1364 programma
286 1342 957 1436 1. Euryanthe (openingstuk)
1241 1322 1702 1443 C. M. VONWEBER
274 1425 1085 1480 2. Romance (in F) voor viool en orkest
1238 1421 1726 1509 L. VAN BEethoven
444 1469 1023 1528 Viool-Solo: M. EDM. DE Hart-
283 1524 1217 1594 3. Concerto (in A moll) voor klavier en orkest
1241 1513 1654 1603 ROB. SCHUMANN
441 1576 852 1643 A) allegro affettuoso
432 1625 1120 1708 B) Intermezzo (Andantino grazioso)
443 1671 773 1732 c) allegro vivace
553 1721 1003 1785 M. M.GEERAERT
279 1750 1113 1834 4. Onvoleinde Symfonie (in H moll)
1230 1763 1671 1862 FRANZ SCHUBERT
441 1822 845 1890 A) allegro moderato
433 1875 856 1937 B) Andante con moto
279 1913 929 1996 5. A) Impromptu (in B dur)
1234 1921 1676 2005 FRANZ SCHUBERT
342 1976 694 2068 B) Wals (in E)
1234 1992 1638 2077 M. Moszkowski
547 2031 995 2106 M. M.GEERAORT
277 2064 837 2170 6. Huldigungsmarsch
1228 2088 1623 2183 RICH. WAGNER
332 2194 1680 2277 Concertvleugel STEINWAY uit het Huis RUMMEL en C
288 2273 1739 2369 Woensdag 8 : Concert ter nagedachtenis van de Meesters PETER BENOIT en
321 2327 1230 2391 HECTOR BERLIOZ (8 Maart 1901 en 8 Maart 1869).
281 2371 1737 2473 Woensdag 15 : Concert met de medewerking van den Heer Edm. DEHERDT
321 2424 487 2486 (Violist).
279 2462 922 2545 Woensdag 22: LICHTBEELDEN.
948 2468 1735 2552 - Uitvoering van Venise van Radoux, voor
321 2516 1489 2589 Verhaler, Soli, klein Gemengd Koor, Orgel en Snaarspeeltuigen.
279 2573 1660 2659 Woensdag 29 : Festival Vincent d’Indy, onder de leiding van den Meester
948 2655 1060 2692 * *
272 2674 1728 2762 Mej. L. DESMAISONS (Pianiste) en M.L. ANGELOTY (Violist) geven op
314 2732 1737 2809 Vrijdag 3 Maart, om 8 1/2 uren's avonds, eenen Muzickavond in de Marmeren
310 2776 1719 2857 Zaalder Koninklijke Maatschappij van Dierkunde. Toegangsprijs : 2 Frank.
336 2826 1726 2892 — De Leden der Maatschapp j van Dierkunde genieten, op vertoon hunner
307 2866 1726 2949 ledenkaart, eene prijsvermindering van 50 %. De kaarten worden uitgedeeld
303 2923 1724 2991 aan de winketten der Maatschappij en, den avond van het concert, aan den
297 2966 619 3028 ingang der zaal.
264 2997 1724 3087 N. B.— Niet ingenomen plaatsen mogen onder geen voorwendsel voorbehouden
303 3059 468 3142 worden.
1023 3107 1695 3201 Drukk. F. Janssens-Anthonis. — Antwerpen.
