2056 3270
432 146 1470 260 Société Royale de Zoologie d'Anvers
219 260 1659 373 ̃ 1 ̃ „ „ r * * „ *
419 344 1465 461 Mercredi 1 Mars 1905, à 8½ hs. du soir
236 446 1671 675 Concert de Symphonie
320 689 1591 792 PAR L'ORCHESTRE DE LA SOCIÉTÉ
380 764 1532 861 sous la direction de M. accavo KEURVELS
598 860 1302 933 ET AVEC LE CONCOURS DE MONSIEUR
333 925 1582 1033 MauriceGEERAERT (Pianiste)
891 1020 1015 1137 R
721 1148 1191 1273 programme
1194 1258 1650 1348 C. M. VONWEBER
225 1271 825 1368 1. Euryanthe (ouverture)
1189 1335 1671 1425 L. VAN BEethoven
229 1317 1158 1421 2. Romance (en Fa) pour violon etennestre.
380 1406 905 1465 Soliste : M. EDM. DElandT.
1183 1415 1598 1538 ROB. SCHUMANN
219 1456 839 1516 3. Concerto (en La mineur)
380 1507 788 1578 A) allegro affettuoso
390 1553 1057 1618 B) Intermezzo (Andantino grazioso)
380 1611 722 1681 c) Allegro vivace
499 1655 940 1725 M. M.GEERAERT
1180 1679 1629 1789 FRANZ SCHUBERT
229 1699 1161 1772 4. Symphonie inachevée (en Si mineur)
391 1761 790 1827 A) allegro moderato
382 1812 796 1878 B) Andante con moto
1192 1838 1631 1922 FRANZ SCHUBERT
230 1862 949 1942 5. A) Impromptu (en Si bémol)
1191 1900 1611 1997 M. Moszkowski
296 1918 710 1995 B) Valse (en Mi).
507 1966 936 2043 M. M.GEERAERT
1185 1986 1582 2087 RICH. WAGNER
227 2024 779 2121 6 Huldigungsmarsch
388 2130 1564 2233 Piano STEINWAY de la Maison RUMMEL et Cie
241 2238 1708 2335 Mercredi 8 : Audition en mémoire des Maîtres PETER BENOIT et HECTOR
280 2304 984 2361 BERLIOZ (8 Mars 1901 et 8 Mars 1869).
243 2328 1712 2414 Mercredi 15 : Concert avec le concours de M. Edm. DE HERDT ( Violoniste).
1448 2379 1714 2445 Exécution de
243 2388 1428 2463 Mercredi 22 : SOIRÉE DE PROJECTIONS LUMINEUSES. —
285 2430 1715 2531 l’œuvre Venise, de Ch. Radoux, pour récitant, soli, petit chœur mixte, orgue
280 2498 728 2569 et instrumente à corde.
249 2540 1675 2613 Mercredi 29 : Festival Festivai Vincent d’Indy, sous la direction du Maître.
929 2632 1041 2679 * *
240 2648 1710 2760 Mlle DESMAISONS (Pianiste) et M. L. ANGELOTY ( Violoniste), orga-
282 2721 1714 2803 nisent le Vendredi 3 Mars, à 8 1/2 hs. du soir, une Séance de Musique de
287 2765 1714 2846 Chambre dans la Salle des Marbres de la Société Royale de Zoologie. Prix
287 2820 1714 2899 d’entrée : 2 Francs. — MM. les Membres de la Société de Zoologie jouiront,
280 2871 1708 2959 sur présentation de leur carte de sociétaire, d'une réduction de prix de 50 %
296 2915 1714 2999 — Les cartesse délivrent aux guichets de la société, et, le soir du concert, à
289 2986 660 3054 l'entrée de la salle.
249 3025 1644 3113 N.-B. — On ne pourra retenir sous aucun prétexte des places non occupées.
