2056 3270
485 274 1514 402 Société Royale de Zoologie d'Anvers
267 378 1716 518 ̃ 1 1 1/2 1/4 ̃ - 1/3  ================= fran¬
374 485 1612 596 Dimanche 5 Mars 1905, à 3½ hs. de l'après-midi
280 592 1724 839 Concert de Symphonie
365 831 1631 937 PAR L'ORCHESTRE DE LA SOCIÉTÉ
368 953 1562 1044 sous la direction de M. EDWERD REURVELS
939 1033 1066 1148 86
763 1166 1238 1307 programme
898 1279 1133 1394 1r° PARTIE
1290 1401 1668 1483 JOS. COMMPAENS
272 1407 750 1485 1. Marche festivale
1296 1461 1603 1540 Jos. GUNG'L.
272 1474 802 1537 2. Perpetuum mobile.
1287 1516 1735 1603 CARL GOLDMienK
272 1535 796 1607 3. La Reine de Saba
472 1590 985 1668 (fragments de l'opéra)
385 1648 1016 1709 I. Nocturne et musique de fête
389 1701 1055 1768 II. Ballet : A) Danse des Bayadères
605 1749 1281 1816 B) Danse des abeilles par les Almées
609 1792 898 1862 c) Danse finale
1292 1818 1537 1910 G. Bizet
272 1823 1052 1925 4. Patrie (ouverture dramatique)
887 1888 1129 2010 2me PARTIE
1290 1990 1746 2072 F. MENDELSSOHN
267 2016 863 2112 5. Ruy-Blas (ouverture)
1300 2066 1703 2144 C. SAINT-SAENS
280 2088 752 2183 6. Suite, Algérienne
428 2138 937 2209 A) Prélude (en vue d’Alger)
428 2201 872 2260 B) Rapsodie mauresque
433 2240 950 2310 c) Réverie du soir (à Blidah)
433 2290 974 2353 D) Marche militaire française
1296 2309 1535 2394 F. BEHR
285 2346 939 2412 7. Danse Hongroise (n° 2)
479 2379 1213 2495 Orchestrée par Edw. Keurvels
1292 2414 1690 2525 RICH. WAGNER
272 2449 689 2551 8. Walkürenritt
280 2540 1753 2640 Mercredi 8 : Concert consacré aux œuvres d'HECTOR BERLIOZ et de PETER
320 2605 1374 2664 BENOIT, et avec le concours de M. J. JUDELS, Basse.
285 2629 1749 2723 Mercredi 15 : Concert avec le concours de M. Edm. DEHERDT ( Violoniste).
280 2697 1772 2775 Mercredi 22 : SOIRÉE DE PROJECTIONS LUMINEUSES. — Exécution de
324 2731 1753 2840 l’œuvre Venise, de Ch. Radoux, pour récitant, soli, petit chœur mixte, orgue
318 2795 765 2862 et instrumente à corde.
285 2823 1564 2945 Mercredi 29 : Festival Vincent d’Indy, sous la direction du Maître.
