2056 3270
381 470 1523 568 Koninklijke Maatschappij van Dierkunde
723 623 1195 721 VAN ANTWERPEN
228 712 1690 810 ̃ 1 1 1/2 ̃ + — 1/4  ==================
335 867 1574 967 Woensdag 8 Maart 1905, te 8½ uren's avonds
208 1036 1610 1251 Symionisch Concer
239 1269 1659 1382 DOOR HET ORKEST DER MAATSCHAPPIJ
372 1404 1513 1512 onder de leiding van M. ED kan Deurvels
577 1506 1328 1595 EN MET DE MEDEWERKING VAN DEN HEÉR
361 1605 1528 1743 Jef JUDELS (Bas)
852 2053 996 2240 S
209 2422 1668 2501 Zondag 12, te 3 1|2 uren’s namiddags: Concert met de medewerking van den
255 2490 1666 2559 HeerUELGAY, Bestuurder der Aeolian Company. Uitvoering op het Pianola
248 2535 1665 2599 (met begeleiding van orkest) van werken van Mendelssohn, Liszt, Chopin en
250 2590 1665 2652 Moskowski. — Pianola en Concertvleugel Bluthner uit het huis Rummel en C<
257 2630 559 2685 van Antwerpen.
219 2670 1665 2757 Woensdag 15 : Concert met de medewerking van den Heer Edm DEHERDT
259 2723 423 2788 (Violist).
226 2763 1665 2834 Woensdag 22: LICHTBEELDEN. — Uitvoering van Venise van Radoux, voor
257 2823 1419 2894 Verhaler, Soli, klein Gemengd Koor, Orgel en Snaarspeeltuigen.
219 2845 1594 2947 Woensdag 29: Festival Vincent d’Indy, onder de leiding van den Meester.
