2056 3370
413 293 1547 395 Koninklijke Maatschappij van Dierkunde
748 409 1217 507 VAN ANTWERPEN
252 505 1708 603 ....1..,.. -.., -.,. - -. - * * -.
362 590 1601 688 Woensdag 15 Maart 1905, te 8½ uren ’s avonds
255 686 1694 895 Symfonisch Concert
279 933 1681 1029 DOOR HET ORKEST DER MAATSCHAPPIJ
417 1029 1541 1118 onder de leiding van M. ED kan Deurvels
621 1114 1366 1192 EN MET DE MEDEWERKING VAN DEN HEÉR
494 1177 1467 1270 Edmond DE HEROT (Yiolist)
297 1282 1675 1346 Leeraar aan het Koninklijk Vlaamsch conservatorium van Antwerpen
694 1326 1266 1411 en Viool-Solo van het Orkest
927 1402 1032 1521 86
724 1527 1203 1663 programma
252 1666 748 1753 I. Riddersverhalen
1197 1650 1559 1755 CHR. SINDING
369 1732 1156 1800 A) Tempo di marcia ; B) Andante funebre;
366 1780 1183 1862 c) allegretto; b) Finale (allegro moderato);
252 1853 971 1940 2. Zweedsche rhapsodie (nr 2)
1197 1846 1652 1934 ANDREAS HALLÈN
315 1914 1029 1987 Concerto voor viool en orkest.
1197 1913 1579 2029 JOH. SVENDSEN
369 1980 759 2065 A) allegro moderato
366 2049 594 2116 B) Andante
371 2105 697 2174 c) allegro giusto
440 2157 915 2235 M. Edm. DE HEROT
319 2221 601 2297 Maskerbal
1185 2201 1625 2304 ANT. RUBINSTEIN
371 2282 1188 2353 A) Toreador en Andaluzische ; B) Pelgrim en
435 2342 1185 2425 Fantazie (Avondstar) ; c) Napolitaansche
473 2394 938 2469 Visscher en zijne geliefde.
255 2451 801 2554 5. A) Nachtgang (in D)
1192 2438 1717 2541 FR. CHOPIN-SARASATE
315 2527 688 2612 B) Canzonetta
1186 2525 1565 2632 A. D’AMBROSIO
446 2590 915 2673 M. Edm. DEHERDT
248 2639 699 2739 6. Kozakkendans
1197 2637 1639 2737 P. TsCHAÖK0WSY
266 2762 1715 2811 Woensdag 22:Vertooning van LICHTBEELDEN, ingericht door de Antwerpsche
292 2813 1708 2871 Afdeeling van de Association Belge de Photographie. — Uitvoering van Venise
301 2855 1712 2943 van Radoux, voor Verhaler, Soli, klein Gemengd Koor, Orgel en Snaarspeel-
297 2905 446 2969 tuigen
264 2932 1708 3012 Woensdag 29 : Festival Vincent d’Indy, onder de leiding van den Meester, er
293 2999 1704 3085 met de medewerking van Mevr.C. FIERENS (Sopraan), M. L. hereLIFS (Tenor
297 3048 860 3139 en M. M.GEERAERT (Pianist)
1025 3068 1681 3177 Drukk. F. Janssens-Anthonis. — Antwerpen.
