2056 3370
547 226 1577 349 Société Royale de Zoologie d'Anvers
331 362 1770 446 ....................................
512 459 1585 544 Mercredi 15 Mars 1905, à 8½ hs. du soir
349 569 1763 784 Concert de Symphonie
428 817 1678 914 PAR L'ORCHESTRE DE LA SOCIÉTÉ
485 907 1612 1012 sous la direction de M. EDWARD REURVELS
690 1023 1396 1096 ET AVEC LE CONCOURS DE MONSIEUR
514 1080 1574 1188 Edmond DEée.E.D.T (Yioloniste)
373 1164 1715 1236 Professeur au conservatoire Royal Flamand d’Anvers et Violon-Solo
911 1227 1201 1313 de l’Orchestre
988 1313 1102 1423 86
813 1423 1285 1559 programme
314 1566 1001 1658 I. Episodes Chevaleresques
1247 1576 1603 1667 CHR. SINDING
437 1640 1203 1710 A) Tempo di marcia ; B) Andante funebre ;
437 1700 1252 1768 c) allegretto; p) Finale (allegro moderato) ;
314 1759 1008 1851 2. Rhapsodie suédoise (n° 2)
1238 1741 1691 1842 ANDREAS HALLEN
314 1820 1195 1932 3. Concerto pour violon etennestre
1243 1831 1636 1937 JOH. SVENDSEN
428 1888 821 1956 A) allegro moderato
432 1952 661 2024 B) Andante
432 2007 769 2084 c) allegro giusto
509 2068 986 2143 M. Edm. DECEDT
314 2126 681 2215 4. Bal masqué
1239 2132 1691 2233 ANT. RUBINSTEIN
422 2189 1206 2253 A) Toréador et Andalouse; B) Pélerin et
492 2260 1212 2345 Fantaisie (Etoile du Soir) ; c) Pêcheur
523 2310 986 2389 napolitain et son aimée.
308 2367 876 2473 5. A) Nocturne (en Ré)
1238 2369 1781 2451 FR. CHOPIN-SARASATE
378 2450 734 2534 B) Canzonetta
1234 2442 1594 2529 A. D’AMBROSIO
509 2497 966 2584 M. Edm. DE HEROT
303 2558 742 2668 6. Danse cosaque
1234 2541 1693 2674 P. TsCHAïK0WSY
316 2661 1785 2751 Mercredi 22 : SOIRÉE DE PROJECTIONS LUMINEUSES, organisée par la
345 2729 1785 2789 Rection Anversoise de l’Association Belge de Photographie. — Exécution de
351 2786 1785 2844 l’œuvre Venise, de Ch Radoux, pour récitant, soli, petit chœur mixte, orgue
351 2819 810 2892 et instrumente à cordes.
308 2866 1785 2940 Mercredi 29 : Festival Vincent d’Indy, sous la direction du Maître, et avec le
347 2927 1789 2984 le concours de Mme C. FIERENS (Soprano), M. L.comoLES (Ténor) et
347 2977 887 3061 M. M.GEERAERT (Pianiste).
