2056 3370
413 321 1556 435 Koninklijke Maatschappij van Dierkunde
754 436 1227 533 VAN ANTWERPEN
256 526 1702 610 „ —„ 3 „ — „ * „ „ r * a „ 13
363 606 1607 690 Zondag 19 Maart 1905, te 3½ uren's namiddags
256 782 1691 913 Symichisch-Concer
285 946 1691 1030 DOOR HET ORKEST DER MAATSCHAPPIJ
409 1028 1556 1140 onder de leiding van M. EDWERD REURVELS
922 1119 1032 1242 &C.
740 1242 1200 1368 programma
900 1350 1072 1441 1° DEEL
1158 1426 1540 1516 FERD. HÉROLD
247 1435 829 1518 1. Zampa (opingstuk)
1154 1499 1454 1571 RUP. CHAPI
243 1501 729 1576 2. Concert-Polacca
1158 1552 1580 1627 ROB. SCHUMANN
243 1558 601 1634 3. Droomerij
1158 1618 1598 1697 C. DE MERSMANN
248 1613 867 1684 4. Een feest te Aranjugez
451 1658 941 1759 (Spaansche fantazie)
900 1731 1081 1826 2° DEEL
1154 1788 1642 1888 L. VAN BEethoven
247 1797 926 1901 5. Leonore-Ouvertüre (Nr 3)
1158 1868 1664 1958 CHR. W. VON Gluck
252 1876 473 1949 6. Smart
449 1919 950 1992 Fluit-Solo: M. HIPP. VINCK
1154 1960 1463 2049 EDV. GRIEG
248 1985 922 2045 7. Peer Gynt (ie orkestsuite)
303 2034 1302 2087 a) Zomermorgen in het Noorweegsche gebergte.
312 2087 612 2153 b) Aze's dood.
369 2131 1709 2195 Ase, de oude moeder van Peer, ligt te zieltogen. Bij het bed gezeten zijnen
248 2179 1708 2232 stervende moeder, vertelt Gynt haar eene der menigvuldige legenden, waarmede
248 2230 1717 2301 zij hem in zijne kindschheid zoo vaak wiegde. Als het vertelsel eindigt, ontslaapt
248 2285 347 2341 Ase.
309 2316 672 2392 c) Anitra’s dans.
369 2336 1711 2436 Peer Gynt verbeeldt zich Keizer en Profeet te zijn. In de tent van een
256 2422 1715 2476 Arabisch opperhoofd, ligt hij uitgestrekt op een divan. Anitra dochter van den
252 2469 1350 2526 hoofdman, en hare gezellinnen, dansen en zingen voor hem.
312 2518 1037 2570 d) In de halle van den Bergkoning.
363 2573 1713 2613 Aan het koninklijk hof. Berggeesten en Kabouters vieren bij dans en
267 2617 1719 2677 vieugdegeroep de verlowing van Peer Gynt met ’s konings dochter. De krocht
252 2661 1350 2727 stort in en alles verzwjndt bij een laatsten ruwen schreeuw.
1154 2699 1591 2772 HECTOR BERLIOZ
248 2725 851 2776 8. Hongaarsche marsch
261 2791 1708 2849 Woensdag 22:Vertooning van LICHTBEELDEN, ingericht door de Antwerpsche
300 2836 1713 2896 Afdeeling van de Association Belge de Photographie. — Uitvoering van Venise
294 2889 1700 2966 van Radoux, voor Verhaler, Soli, klein Gemengd Koor, Orgel en Snaarspeel
298 2937 446 3001 tuigen.
265 2984 1711 3039 Woensdag 29 : Festival Vincent d’Indy, onder de leiding van den Meester, en
290 3032 1708 3088 met de medewerking van Mevr.C. FlERENS (Sopraan), M. L. swOLES (Tenor)
290 3077 864 3165 en M. M.GEERAERT (Pianist).
1023 3110 1684 3196 Drukk. F. Janssens-Anthonis. — Antwerpen.
