<?xml version="1.0" encoding="UTF-8" standalone="yes"?>
<PcGts xmlns="http://schema.primaresearch.org/PAGE/gts/pagecontent/2013-07-15" xmlns:xsi="http://www.w3.org/2001/XMLSchema-instance" xsi:schemaLocation="http://schema.primaresearch.org/PAGE/gts/pagecontent/2013-07-15 http://schema.primaresearch.org/PAGE/gts/pagecontent/2013-07-15/pagecontent.xsd">
    <Metadata>
        <Creator>prov=READ-COOP:name=TrHtr:version=2.18.1:model_id=51170:date=16_10_2024_03:44</Creator>
        <Created>2024-10-15T15:44:27.633+02:00</Created>
        <LastChange>2024-10-16T03:44:42.573+02:00</LastChange>
        <TranskribusMetadata docId="4642292" pageId="80335766" pageNr="56" tsid="193989944" status="IN_PROGRESS" userId="131016" imgUrl="https://files.transkribus.eu/Get?id=HWYEFBRRQPELPTQFVKFVUSSJ&amp;fileType=view" xmlUrl="https://files.transkribus.eu/Get?id=PTCGZUHFVUSLETWCMVMWBXLA" imageId="65796413"/>
    </Metadata>
    <Page imageFilename="0056_kca-srdda-cpr1905-030901108875-tx-00056.jpg" imageWidth="2056" imageHeight="3370">
        <ReadingOrder>
            <OrderedGroup id="ro_1757315682149" caption="Regions reading order">
                <RegionRefIndexed index="0" regionRef="tr_1"/>
            </OrderedGroup>
        </ReadingOrder>
        <TextRegion orientation="0.0" id="tr_1" custom="readingOrder {index:0;}">
            <Coords points="343,304 343,3056 1820,3056 1820,304"/>
            <TextLine id="tr_1_tl_1" custom="readingOrder {index:0;}">
                <Coords points="555,378 1585,378 1585,292 1454,261 1304,308 1216,274 854,299 813,270 555,301"/>
                <Baseline points="564,346 615,346 666,346 717,345 769,343 820,343 871,343 923,346 974,345 1025,343 1077,343 1128,343 1179,343 1230,343 1282,343 1333,343 1384,343 1436,341 1487,340 1538,338 1590,334"/>
                <TextEquiv>
                    <Unicode>Société Royale de Zoologie d'Envers</Unicode>
                </TextEquiv>
            </TextLine>
            <TextLine id="tr_1_tl_2" custom="readingOrder {index:1;}">
                <Coords points="340,485 1783,474 1783,397 340,415"/>
                <Baseline points="349,447 420,451 492,453 564,450 636,450 708,450 780,450 852,450 924,450 996,450 1068,450 1139,450 1211,447 1283,450 1355,450 1427,450 1499,447 1571,447 1643,444 1715,444 1787,438"/>
                <TextEquiv>
                    <Unicode>0 1/2................................. 1 ̃ 1/3  ==================</Unicode>
                </TextEquiv>
            </TextLine>
            <TextLine id="tr_1_tl_3" custom="readingOrder {index:2;}">
                <Coords points="457,555 1706,569 1675,488 457,494"/>
                <Baseline points="468,543 530,543 592,546 654,543 716,543 778,543 840,543 902,543 964,543 1026,543 1089,546 1151,544 1213,543 1275,546 1337,546 1399,546 1461,545 1523,543 1585,540 1647,538 1710,537"/>
                <TextEquiv>
                    <Unicode>Dimanche 19 Mars 1905, à 3½ hs. de l’après-midi</Unicode>
                </TextEquiv>
            </TextLine>
            <TextLine id="tr_1_tl_4" custom="readingOrder {index:3;}">
                <Coords points="376,808 1779,786 1779,643 1541,654 1473,606 1340,652 1142,593 1015,630 949,584 863,635 527,639 376,700"/>
                <Baseline points="386,760 455,762 525,764 595,762 665,764 735,767 804,765 874,767 944,770 1014,765 1084,764 1153,764 1223,766 1293,767 1363,766 1433,767 1502,765 1572,764 1642,764 1712,760 1782,755"/>
                <TextEquiv>
                    <Unicode>Concert de Symphonie</Unicode>
                </TextEquiv>
            </TextLine>
            <TextLine id="tr_1_tl_5" custom="readingOrder {index:4;}">
                <Coords points="433,911 1693,918 1678,824 1129,869 433,843"/>
                <Baseline points="444,910 506,910 569,910 632,910 694,910 757,910 820,911 882,913 945,913 1008,911 1071,910 1133,910 1196,910 1259,910 1321,910 1384,910 1447,910 1509,910 1572,910 1635,908 1698,907"/>
                <TextEquiv>
                    <Unicode>PAR L'ORCHESTRE DE LA SOCIÉTÉ</Unicode>
                </TextEquiv>
            </TextLine>
            <TextLine id="tr_1_tl_6" custom="readingOrder {index:5;}">
                <Coords points="503,1014 1634,1019 1614,936 1249,979 1082,942 503,960"/>
                <Baseline points="513,1002 569,1002 625,1002 681,1002 738,1002 794,1002 850,1004 906,1005 963,1005 1019,1005 1075,1005 1131,1003 1188,1002 1244,1002 1300,1002 1356,1002 1413,1002 1469,1001 1525,1001 1581,1002 1638,1002"/>
                <TextEquiv>
                    <Unicode>sous la direction de M. EDWARD REURVELS</Unicode>
                </TextEquiv>
            </TextLine>
            <TextLine id="tr_1_tl_7" custom="readingOrder {index:6;}">
                <Coords points="1010,1142 1019,1142 1048,1161 1085,1138 1096,1142 1111,1131 1120,1131 1120,1052 1098,1054 1091,1048 1069,1045 1061,1054 1047,1054 1041,1048 1010,1054"/>
                <Baseline points="1020,1113 1046,1116 1072,1119 1098,1117 1125,1113"/>
                <TextEquiv>
                    <Unicode>&amp;c</Unicode>
                </TextEquiv>
            </TextLine>
            <TextLine id="tr_1_tl_8" custom="readingOrder {index:7;}">
                <Coords points="828,1282 863,1287 931,1258 1015,1285 1172,1285 1214,1263 1234,1280 1300,1273 1300,1195 1276,1190 1205,1203 1074,1172 990,1206 918,1190 894,1166 828,1188"/>
                <Baseline points="838,1241 863,1245 889,1246 915,1245 941,1244 967,1244 993,1244 1019,1244 1045,1246 1071,1247 1096,1247 1122,1247 1148,1247 1174,1245 1200,1244 1226,1244 1252,1244 1278,1244 1304,1244"/>
                <TextEquiv>
                    <Unicode>programme</Unicode>
                </TextEquiv>
            </TextLine>
            <TextLine id="tr_1_tl_9" custom="readingOrder {index:8;}">
                <Coords points="966,1370 1012,1370 1039,1381 1071,1366 1085,1374 1098,1364 1118,1370 1149,1359 1194,1364 1194,1309 1164,1295 1135,1313 1122,1307 1085,1320 1056,1307 1041,1311 1030,1300 1006,1317 966,1317"/>
                <Baseline points="976,1349 1003,1347 1031,1346 1059,1346 1087,1347 1115,1349 1143,1349 1171,1349 1199,1349"/>
                <TextEquiv>
                    <Unicode>1r.o PARTIE</Unicode>
                </TextEquiv>
            </TextLine>
            <TextLine id="tr_1_tl_10" custom="readingOrder {index:9;}">
                <Coords points="336,1452 852,1456 852,1397 786,1401 714,1381 657,1408 634,1390 496,1392 479,1377 336,1405"/>
                <Baseline points="346,1429 371,1434 397,1438 422,1438 448,1437 473,1435 499,1435 524,1435 550,1435 575,1435 601,1435 626,1435 652,1435 677,1435 703,1435 728,1435 754,1435 779,1435 805,1435 830,1435 856,1438"/>
                <TextEquiv>
                    <Unicode>I. Zampa (ouverture)</Unicode>
                </TextEquiv>
            </TextLine>
            <TextLine id="tr_1_tl_11" custom="readingOrder {index:10;}">
                <Coords points="1247,1449 1293,1443 1366,1462 1419,1449 1443,1462 1542,1449 1592,1462 1625,1449 1625,1396 1528,1410 1462,1390 1342,1405 1307,1388 1247,1397"/>
                <Baseline points="1256,1435 1282,1435 1309,1436 1335,1437 1362,1438 1389,1438 1415,1438 1442,1438 1469,1438 1495,1438 1522,1438 1549,1438 1575,1438 1602,1436 1629,1438"/>
                <TextEquiv>
                    <Unicode>FERD. HÉROLD</Unicode>
                </TextEquiv>
            </TextLine>
            <TextLine id="tr_1_tl_12" custom="readingOrder {index:11;}">
                <Coords points="332,1508 503,1519 617,1500 731,1524 769,1502 819,1511 819,1476 758,1454 477,1449 397,1475 332,1460"/>
                <Baseline points="343,1489 368,1491 393,1492 418,1492 444,1492 469,1492 494,1492 519,1492 545,1492 570,1492 595,1492 620,1492 646,1492 671,1492 696,1492 721,1492 747,1492 772,1494 797,1495 823,1495"/>
                <TextEquiv>
                    <Unicode>2. Concert-Polacca.</Unicode>
                </TextEquiv>
            </TextLine>
            <TextLine id="tr_1_tl_13" custom="readingOrder {index:12;}">
                <Coords points="1247,1500 1280,1511 1361,1497 1449,1515 1473,1504 1544,1509 1544,1454 1473,1463 1421,1451 1362,1465 1247,1449"/>
                <Baseline points="1256,1492 1282,1492 1309,1493 1335,1494 1362,1494 1389,1492 1415,1494 1442,1495 1469,1493 1495,1492 1522,1492 1549,1492"/>
                <TextEquiv>
                    <Unicode>RUP. CHAPI</Unicode>
                </TextEquiv>
            </TextLine>
            <TextLine id="tr_1_tl_14" custom="readingOrder {index:13;}">
                <Coords points="342,1566 386,1574 404,1561 415,1572 444,1559 490,1568 507,1559 630,1564 630,1515 602,1506 521,1520 485,1520 457,1506 411,1524 369,1506 342,1511"/>
                <Baseline points="352,1549 377,1549 403,1549 429,1549 454,1549 480,1549 506,1548 532,1546 557,1548 583,1549 609,1551 635,1552"/>
                <TextEquiv>
                    <Unicode>3. Rêverie.</Unicode>
                </TextEquiv>
            </TextLine>
            <TextLine id="tr_1_tl_15" custom="readingOrder {index:14;}">
                <Coords points="1247,1566 1418,1561 1526,1576 1542,1561 1561,1574 1599,1561 1660,1579 1660,1511 1436,1522 1405,1509 1372,1528 1315,1506 1247,1517"/>
                <Baseline points="1256,1549 1281,1550 1307,1552 1332,1552 1358,1552 1383,1552 1409,1552 1434,1552 1460,1552 1486,1552 1511,1552 1537,1552 1562,1552 1588,1552 1613,1552 1639,1549 1665,1546"/>
                <TextEquiv>
                    <Unicode>ROB. SCHUMANN</Unicode>
                </TextEquiv>
            </TextLine>
            <TextLine id="tr_1_tl_16" custom="readingOrder {index:15;}">
                <Coords points="1247,1620 1307,1640 1353,1618 1458,1645 1555,1616 1612,1636 1686,1634 1686,1579 1247,1557"/>
                <Baseline points="1256,1605 1281,1607 1306,1608 1332,1608 1357,1608 1383,1608 1408,1608 1434,1608 1459,1608 1485,1608 1510,1608 1536,1608 1561,1608 1587,1608 1612,1608 1638,1608 1663,1608 1689,1605"/>
                <TextEquiv>
                    <Unicode>C. DE MERSMANN</Unicode>
                </TextEquiv>
            </TextLine>
            <TextLine id="tr_1_tl_17" custom="readingOrder {index:16;}">
                <Coords points="336,1645 488,1618 534,1640 768,1618 885,1640 885,1566 779,1579 668,1553 521,1585 501,1564 395,1566 336,1598"/>
                <Baseline points="346,1614 373,1611 400,1611 427,1609 454,1608 481,1608 508,1608 536,1608 563,1608 590,1608 617,1608 644,1608 671,1608 698,1606 726,1606 753,1608 780,1606 807,1606 834,1607 861,1607 889,1605"/>
                <TextEquiv>
                    <Unicode>4. Une fête à Aranjuez</Unicode>
                </TextEquiv>
            </TextLine>
            <TextLine id="tr_1_tl_18" custom="readingOrder {index:17;}">
                <Coords points="531,1688 1006,1689 1006,1627 859,1643 768,1642 740,1620 531,1636"/>
                <Baseline points="540,1668 566,1668 592,1668 618,1668 644,1668 670,1668 697,1668 723,1668 749,1668 775,1667 801,1665 827,1666 854,1668 880,1670 906,1670 932,1669 958,1668 984,1668 1011,1668"/>
                <TextEquiv>
                    <Unicode>(fantaisie espagnole)</Unicode>
                </TextEquiv>
            </TextLine>
            <TextLine id="tr_1_tl_19" custom="readingOrder {index:18;}">
                <Coords points="962,1765 992,1765 1017,1744 1082,1766 1109,1746 1197,1748 1195,1689 1175,1684 1144,1699 1087,1691 1067,1700 1047,1691 1012,1689 997,1700 959,1691"/>
                <Baseline points="970,1731 995,1731 1021,1731 1047,1733 1073,1734 1098,1734 1124,1735 1150,1737 1176,1737 1202,1737"/>
                <TextEquiv>
                    <Unicode>2mo PARTIE</Unicode>
                </TextEquiv>
            </TextLine>
            <TextLine id="tr_1_tl_20" custom="readingOrder {index:19;}">
                <Coords points="345,1822 606,1840 663,1822 711,1844 751,1822 841,1842 971,1818 1014,1840 1014,1763 727,1777 599,1752 538,1785 472,1752 345,1757"/>
                <Baseline points="355,1808 388,1810 421,1811 454,1811 487,1811 520,1811 553,1811 586,1811 619,1811 652,1811 686,1811 719,1811 752,1811 785,1811 818,1810 851,1808 884,1810 917,1811 950,1810 983,1808 1017,1811"/>
                <TextEquiv>
                    <Unicode>5. Leonore-Ouvertüre (N° 3)</Unicode>
                </TextEquiv>
            </TextLine>
            <TextLine id="tr_1_tl_21" custom="readingOrder {index:20;}">
                <Coords points="1239,1822 1339,1838 1440,1814 1520,1836 1553,1820 1590,1836 1733,1829 1733,1774 1239,1757"/>
                <Baseline points="1250,1811 1275,1813 1301,1813 1326,1812 1352,1811 1378,1811 1403,1811 1429,1811 1455,1811 1480,1811 1506,1811 1531,1811 1557,1811 1583,1811 1608,1811 1634,1811 1660,1811 1685,1811 1711,1810 1737,1808"/>
                <TextEquiv>
                    <Unicode>L. VAN BEETHOVEN</Unicode>
                </TextEquiv>
            </TextLine>
            <TextLine id="tr_1_tl_22" custom="readingOrder {index:21;}">
                <Coords points="340,1891 360,1895 382,1882 428,1891 459,1877 479,1888 527,1880 540,1893 555,1880 622,1888 622,1836 591,1831 567,1842 549,1827 512,1834 490,1822 446,1822 395,1844 371,1825 340,1831"/>
                <Baseline points="349,1868 374,1870 399,1871 424,1869 449,1869 474,1870 500,1870 525,1868 550,1868 575,1868 600,1870 626,1871"/>
                <TextEquiv>
                    <Unicode>6. Douleur</Unicode>
                </TextEquiv>
            </TextLine>
            <TextLine id="tr_1_tl_23" custom="readingOrder {index:22;}">
                <Coords points="1249,1886 1423,1878 1486,1912 1590,1877 1695,1878 1757,1908 1757,1833 1733,1823 1711,1838 1647,1840 1625,1822 1541,1844 1491,1833 1469,1849 1434,1827 1388,1842 1249,1829"/>
                <Baseline points="1259,1868 1284,1870 1309,1871 1334,1871 1359,1870 1384,1869 1409,1869 1434,1871 1459,1871 1484,1871 1510,1871 1535,1871 1560,1871 1585,1871 1610,1871 1635,1871 1660,1871 1685,1871 1710,1871 1735,1871 1761,1868"/>
                <TextEquiv>
                    <Unicode>CHR. W. VON GLUKK</Unicode>
                </TextEquiv>
            </TextLine>
            <TextLine id="tr_1_tl_24" custom="readingOrder {index:23;}">
                <Coords points="531,1934 1052,1941 1052,1891 920,1869 885,1888 858,1873 839,1890 555,1878 531,1893"/>
                <Baseline points="540,1919 565,1919 591,1919 617,1919 643,1920 669,1922 694,1921 720,1919 746,1921 772,1922 798,1922 823,1922 849,1922 875,1922 901,1922 927,1920 952,1920 978,1921 1004,1922 1030,1922 1056,1922"/>
                <TextEquiv>
                    <Unicode>Flûte-Solo : M. HIPP. VINCK</Unicode>
                </TextEquiv>
            </TextLine>
            <TextLine id="tr_1_tl_25" custom="readingOrder {index:24;}">
                <Coords points="1252,1989 1311,1998 1372,1983 1383,1992 1430,1987 1441,1998 1531,1996 1553,1990 1552,1939 1467,1946 1440,1930 1401,1937 1348,1924 1306,1937 1282,1926 1250,1932"/>
                <Baseline points="1262,1967 1288,1973 1315,1975 1342,1973 1369,1974 1396,1976 1423,1976 1450,1976 1477,1976 1504,1976 1531,1976 1558,1976"/>
                <TextEquiv>
                    <Unicode>EDV. GRIEG</Unicode>
                </TextEquiv>
            </TextLine>
            <TextLine id="tr_1_tl_26" custom="readingOrder {index:25;}">
                <Coords points="408,2000 1149,1998 1131,1932 488,1950 408,1923"/>
                <Baseline points="417,1973 453,1973 490,1973 527,1974 564,1976 600,1976 637,1976 674,1976 711,1974 747,1975 784,1979 821,1979 858,1979 894,1979 931,1979 968,1979 1005,1979 1041,1976 1078,1976 1115,1976 1152,1976"/>
                <TextEquiv>
                    <Unicode>Peer Gynt (le suite d’orchestre)</Unicode>
                </TextEquiv>
            </TextLine>
            <TextLine id="tr_1_tl_27" custom="readingOrder {index:26;}">
                <Coords points="391,2029 1430,2046 1397,1987 391,2013"/>
                <Baseline points="402,2026 453,2029 505,2029 556,2028 608,2028 660,2027 711,2029 763,2029 815,2029 866,2029 918,2029 970,2029 1021,2029 1073,2029 1125,2029 1176,2028 1228,2026 1280,2028 1331,2027 1383,2029 1435,2029"/>
                <TextEquiv>
                    <Unicode>a) Matin d’été dans les montagnes norwégiennes.</Unicode>
                </TextEquiv>
            </TextLine>
            <TextLine id="tr_1_tl_28" custom="readingOrder {index:27;}">
                <Coords points="398,2095 435,2104 459,2082 512,2095 613,2086 637,2099 652,2084 775,2086 775,2051 747,2057 703,2036 645,2055 588,2038 533,2051 466,2040 398,2049"/>
                <Baseline points="408,2074 434,2076 461,2077 487,2077 514,2077 540,2077 567,2075 593,2074 620,2074 646,2075 673,2077 699,2077 726,2077 752,2077 779,2077"/>
                <TextEquiv>
                    <Unicode>b) La mort d’Ase.</Unicode>
                </TextEquiv>
            </TextLine>
            <TextLine id="tr_1_tl_29" custom="readingOrder {index:28;}">
                <Coords points="457,2136 1800,2139 1781,2071 457,2097"/>
                <Baseline points="468,2122 534,2125 601,2125 668,2125 735,2125 802,2125 869,2125 935,2125 1002,2128 1069,2123 1136,2122 1203,2125 1270,2128 1337,2124 1403,2125 1470,2126 1537,2125 1604,2125 1671,2128 1738,2125 1805,2125"/>
                <TextEquiv>
                    <Unicode>La vieille Ase, mère de Peer, agonise. Le fils s’assied au pied du lit et</Unicode>
                </TextEquiv>
            </TextLine>
            <TextLine id="tr_1_tl_30" custom="readingOrder {index:29;}">
                <Coords points="345,2185 1807,2187 1779,2134 345,2137"/>
                <Baseline points="355,2170 427,2173 500,2173 573,2173 646,2175 719,2173 791,2174 864,2173 937,2173 1010,2174 1083,2173 1155,2170 1228,2173 1301,2173 1374,2173 1447,2173 1519,2176 1592,2175 1665,2173 1738,2173 1811,2173"/>
                <TextEquiv>
                    <Unicode>conte à sa mère mourante une des mille légendes dont elle le berçait pendant</Unicode>
                </TextEquiv>
            </TextLine>
            <TextLine id="tr_1_tl_31" custom="readingOrder {index:30;}">
                <Coords points="340,2246 1669,2237 1627,2181 340,2198"/>
                <Baseline points="349,2217 415,2220 481,2220 547,2220 613,2220 679,2221 745,2223 811,2223 877,2221 943,2219 1010,2219 1076,2220 1142,2222 1208,2220 1274,2220 1340,2220 1406,2220 1472,2220 1538,2220 1604,2220 1671,2223"/>
                <TextEquiv>
                    <Unicode>son sommeil d’enfant. Au dernier mot du conte, Ase expire doucement.</Unicode>
                </TextEquiv>
            </TextLine>
            <TextLine id="tr_1_tl_32" custom="readingOrder {index:31;}">
                <Coords points="400,2284 788,2277 817,2292 863,2277 863,2244 790,2231 400,2242"/>
                <Baseline points="411,2271 436,2269 461,2268 487,2268 512,2268 537,2268 563,2269 588,2271 614,2269 639,2268 664,2268 690,2268 715,2268 741,2268 766,2268 791,2268 817,2268 842,2270 868,2271"/>
                <TextEquiv>
                    <Unicode>c) La-danse d'Anitra.</Unicode>
                </TextEquiv>
            </TextLine>
            <TextLine id="tr_1_tl_33" custom="readingOrder {index:32;}">
                <Coords points="461,2334 1800,2332 1800,2286 1561,2264 461,2284"/>
                <Baseline points="471,2316 537,2318 604,2319 670,2319 737,2319 803,2319 870,2319 936,2318 1003,2319 1069,2316 1136,2319 1203,2319 1269,2317 1336,2319 1402,2319 1469,2318 1535,2316 1602,2317 1668,2319 1735,2318 1802,2316"/>
                <TextEquiv>
                    <Unicode>Dans la tente d’un chef arabe, Peer Gynt, se croyant Empereur et Prophète,</Unicode>
                </TextEquiv>
            </TextLine>
            <TextLine id="tr_1_tl_34" custom="readingOrder {index:33;}">
                <Coords points="340,2374 1803,2378 1772,2327 340,2334"/>
                <Baseline points="349,2364 425,2367 502,2367 579,2367 656,2370 732,2368 809,2370 886,2370 963,2369 1040,2370 1116,2370 1193,2367 1270,2369 1347,2369 1424,2370 1500,2367 1577,2369 1654,2370 1731,2370 1808,2370"/>
                <TextEquiv>
                    <Unicode>est étendu sur un divan. Anitra, fille du chef, et ses compagnes dansent et</Unicode>
                </TextEquiv>
            </TextLine>
            <TextLine id="tr_1_tl_35" custom="readingOrder {index:34;}">
                <Coords points="342,2426 727,2431 727,2376 622,2391 452,2378 422,2391 382,2378 342,2393"/>
                <Baseline points="352,2417 377,2417 402,2417 427,2416 453,2415 478,2414 503,2414 528,2414 554,2414 579,2414 604,2414 629,2414 655,2414 680,2414 705,2414 731,2414"/>
                <TextEquiv>
                    <Unicode>chantent devant lui.</Unicode>
                </TextEquiv>
            </TextLine>
            <TextLine id="tr_1_tl_36" custom="readingOrder {index:35;}">
                <Coords points="400,2473 1210,2479 1210,2437 1010,2417 400,2431"/>
                <Baseline points="411,2465 451,2462 491,2465 531,2465 571,2465 611,2465 651,2465 692,2464 732,2463 772,2465 812,2462 852,2462 892,2462 932,2462 973,2462 1013,2462 1053,2463 1093,2465 1133,2465 1173,2465 1214,2462"/>
                <TextEquiv>
                    <Unicode>d) Dans la halle du Roi des montagnes.</Unicode>
                </TextEquiv>
            </TextLine>
            <TextLine id="tr_1_tl_37" custom="readingOrder {index:36;}">
                <Coords points="452,2532 1803,2525 1777,2466 452,2484"/>
                <Baseline points="462,2513 529,2513 596,2513 663,2513 731,2513 798,2513 865,2513 933,2513 1000,2513 1067,2513 1135,2513 1202,2513 1269,2513 1336,2513 1404,2513 1471,2513 1538,2513 1606,2513 1673,2513 1740,2513 1808,2513"/>
                <TextEquiv>
                    <Unicode>La cour du roi. Gnômes, esprits et lutins fètent de leurs danses et de leur s</Unicode>
                </TextEquiv>
            </TextLine>
            <TextLine id="tr_1_tl_38" custom="readingOrder {index:37;}">
                <Coords points="340,2574 1800,2571 1774,2523 340,2521"/>
                <Baseline points="349,2558 421,2561 494,2561 567,2561 640,2561 713,2561 785,2561 858,2561 931,2561 1004,2561 1077,2561 1149,2561 1222,2561 1295,2561 1368,2561 1441,2561 1513,2561 1586,2561 1659,2561 1732,2561 1805,2561"/>
                <TextEquiv>
                    <Unicode>cris les fiançailles de Gynt avec la fille du roi. Subitement la caverne s’écroule.</Unicode>
                </TextEquiv>
            </TextLine>
            <TextLine id="tr_1_tl_39" custom="readingOrder {index:38;}">
                <Coords points="345,2620 1050,2639 1028,2573 345,2576"/>
                <Baseline points="355,2608 389,2608 424,2608 459,2608 494,2608 529,2608 564,2610 599,2611 634,2611 669,2611 704,2609 738,2610 773,2610 808,2608 843,2611 878,2609 913,2608 948,2609 983,2611 1018,2609 1053,2608"/>
                <TextEquiv>
                    <Unicode>Tout disparaît dans un grand cri final.</Unicode>
                </TextEquiv>
            </TextLine>
            <TextLine id="tr_1_tl_40" custom="readingOrder {index:39;}">
                <Coords points="1254,2686 1313,2674 1418,2686 1451,2672 1489,2694 1535,2672 1693,2679 1691,2617 1609,2633 1508,2609 1436,2626 1385,2609 1342,2635 1252,2617"/>
                <Baseline points="1262,2662 1287,2662 1312,2662 1338,2662 1363,2662 1389,2662 1414,2662 1440,2662 1465,2662 1491,2662 1516,2662 1542,2663 1567,2664 1593,2665 1618,2665 1644,2665 1669,2665 1695,2665"/>
                <TextEquiv>
                    <Unicode>HECTOR BERLIOZ</Unicode>
                </TextEquiv>
            </TextLine>
            <TextLine id="tr_1_tl_41" custom="readingOrder {index:40;}">
                <Coords points="340,2670 408,2668 433,2692 492,2674 637,2694 681,2677 725,2697 769,2679 852,2685 852,2633 821,2622 340,2633"/>
                <Baseline points="349,2662 374,2662 399,2662 425,2664 450,2665 475,2665 501,2664 526,2662 551,2662 577,2662 602,2664 627,2664 653,2663 678,2662 703,2662 729,2663 754,2665 779,2665 805,2664 830,2663 856,2662"/>
                <TextEquiv>
                    <Unicode>8. Marche hongroise</Unicode>
                </TextEquiv>
            </TextLine>
            <TextLine id="tr_1_tl_42" custom="readingOrder {index:41;}">
                <Coords points="345,2771 1807,2764 1781,2714 345,2714"/>
                <Baseline points="355,2749 427,2749 500,2752 573,2749 646,2751 719,2749 791,2749 864,2747 937,2749 1010,2749 1083,2750 1155,2752 1228,2749 1301,2749 1374,2749 1447,2749 1519,2749 1592,2749 1665,2750 1738,2752 1811,2749"/>
                <TextEquiv>
                    <Unicode>Mercredi 22 : SOIRÉE DE PROJECTIONS LUMINEUSES, organisée par la</Unicode>
                </TextEquiv>
            </TextLine>
            <TextLine id="tr_1_tl_43" custom="readingOrder {index:42;}">
                <Coords points="380,2819 1807,2813 1790,2758 380,2758"/>
                <Baseline points="391,2796 462,2799 533,2799 604,2797 675,2798 746,2796 817,2796 888,2796 959,2796 1030,2796 1101,2796 1172,2798 1243,2796 1314,2796 1385,2796 1456,2796 1527,2793 1598,2799 1669,2799 1740,2799 1811,2799"/>
                <TextEquiv>
                    <Unicode>Section Anversoise de l’Association Belge de Photographie. — Exécution de</Unicode>
                </TextEquiv>
            </TextLine>
            <TextLine id="tr_1_tl_44" custom="readingOrder {index:43;}">
                <Coords points="386,2863 1803,2874 1777,2811 386,2813"/>
                <Baseline points="396,2844 466,2845 537,2844 607,2847 678,2847 749,2847 819,2847 890,2847 960,2847 1031,2847 1102,2847 1172,2847 1243,2844 1313,2847 1384,2847 1455,2847 1525,2847 1596,2847 1666,2847 1737,2847 1808,2847"/>
                <TextEquiv>
                    <Unicode>l’œuvre Venise, de Ch. Radoux, pour récitant, soli, petit chœur mixte, orgue</Unicode>
                </TextEquiv>
            </TextLine>
            <TextLine id="tr_1_tl_45" custom="readingOrder {index:44;}">
                <Coords points="384,2912 841,2912 841,2874 802,2855 672,2870 624,2855 477,2874 443,2859 384,2866"/>
                <Baseline points="394,2895 419,2895 444,2895 469,2895 494,2895 519,2895 544,2895 569,2895 594,2895 619,2895 644,2895 669,2895 694,2895 719,2895 744,2895 769,2895 794,2895 819,2895 844,2895"/>
                <TextEquiv>
                    <Unicode>et instrumente à cordes.</Unicode>
                </TextEquiv>
            </TextLine>
            <TextLine id="tr_1_tl_46" custom="readingOrder {index:45;}">
                <Coords points="340,2964 1812,2955 1812,2909 1550,2887 1482,2920 340,2899"/>
                <Baseline points="349,2943 422,2945 495,2944 569,2943 642,2943 716,2943 789,2943 862,2943 936,2943 1009,2943 1083,2944 1156,2943 1229,2943 1303,2943 1376,2943 1450,2943 1523,2944 1596,2946 1670,2946 1743,2943 1817,2943"/>
                <TextEquiv>
                    <Unicode>Mercredi 29 : Festival Vincent d’Indy, sous la direction du Maître, et avec le</Unicode>
                </TextEquiv>
            </TextLine>
            <TextLine id="tr_1_tl_47" custom="readingOrder {index:46;}">
                <Coords points="386,3008 1816,3004 1805,2958 386,2960"/>
                <Baseline points="396,2990 467,2993 538,2993 609,2993 680,2993 752,2993 823,2992 894,2990 965,2991 1036,2990 1108,2993 1179,2992 1250,2993 1321,2992 1392,2992 1464,2990 1535,2993 1606,2993 1677,2993 1748,2993 1820,2993"/>
                <TextEquiv>
                    <Unicode>le concours de Mme C. FiERENS (Sopiano), M. L.comoLF.S (Ténor) et</Unicode>
                </TextEquiv>
            </TextLine>
            <TextLine id="tr_1_tl_48" custom="readingOrder {index:47;}">
                <Coords points="375,3050 485,3068 520,3052 588,3085 685,3063 718,3078 755,3057 869,3087 918,3063 918,3017 891,3010 637,2995 615,3013 375,3011"/>
                <Baseline points="385,3041 411,3043 438,3044 465,3044 492,3044 519,3044 546,3044 572,3044 599,3044 626,3044 653,3044 680,3042 707,3041 734,3041 760,3041 787,3041 814,3041 841,3042 868,3043 895,3044 922,3044"/>
                <TextEquiv>
                    <Unicode>M. M.GEERAERT (Pianiste)</Unicode>
                </TextEquiv>
            </TextLine>
        </TextRegion>
    </Page>
</PcGts>
