2056 3370
493 392 1542 517 Société Royale de Zoologie d'Anvers
288 517 1744 600 ̃ ̃̃ t * t * * * r * * 3 a * * + * • • * * • *
473 585 1553 730 Mercredi 22 Mars 1905, à 8½ hs. du soir
611 715 1718 858 DE <PROJECTIONS LUMINEUSES
306 706 583 878 SOIRÉE
715 860 1339 968 ET DE MUSIQUE
845 999 1194 1076 ORGANISÉE PAR LA
484 1065 1555 1152 Rection Anversoise de l'Association Belge de Photographie
350 1153 1687 1249 et avec le concours de la Société Royale de Zoologie
959 1245 1060 1390 H
776 1375 1251 1502 programme
910 1517 1150 1597 1re PARTIE
361 1612 1660 1722 projections lumineuses
768 1718 1254 1806 Cent tableaux divers
469 1795 1562 1863 (Paysages, Marines, Sujets de genre, Voyages, etc. etc.
688 1867 1368 1942 Œuvres des Membres de la section.)
904 1944 1150 2013 2me PARTIE
457 2024 842 2123 Venise
497 2109 1760 2210 Projections de MM. G. MARISSIAUX et E. BEAUJEAN.
502 2204 1273 2296 Poème de M. RICHARD LEDENT.
501 2268 1326 2347 Musique de M. CHARLES HADOUX.
381 2334 1318 2413 Récitante : Mme MARGUERITE HADOUX.
381 2402 1412 2492 Solistes : MM. LAURENT Swolffs (ténor).
752 2466 1287 2554 M. DE Roos (basse).
563 2536 1478 2659 Petit Chœur Mixte, Orgue, Piano et Cordes.
458 2642 1572 2760 L'audition sous la direction de M. Ch RADOUX.
279 2820 1753 2892 Mercredi 29 : Festival Vincent d’Indy, sous la direction du Maître et avec le
325 2879 1751 2934 le concours de Mme C. FiERENS (Soprano), M. L. SUOLES (Ténor) et
325 2928 860 3020 M. M.GEERAERT (Pianiste).
