2056 3370
928 316 1226 413 Venise
787 427 1378 502 Poème récité et chanté. *
992 505 1501 570 Vers de M. RlCHARD LEDENT
390 516 669 586 La Récitante :
982 563 1588 619 Musique de M. CHARLES HADOUX.
352 564 902 640 Madame MARGUERITE RADOUX.
985 610 1824 673 Clichés de MM. G. MARISSIAUX et E. BEAUJEAN.
840 688 1305 763 Place St-Mare
640 774 1451 841 C’est ici qu’il faudrait la magie du pinceau
647 831 1144 887 pour mettre dans les yeux
640 884 1120 931 la grandeur d’un tableau
647 915 1442 977 dont l’air resplendissant serait miraculeux.
647 972 1302 1036 C’est la cité des pierres enchantées
647 1025 1134 1076 par le prestige des années.
650 1074 1174 1134 Comme en fusion, la couleur
647 1120 1065 1187 nage sur les colonnes ;
650 1173 1482 1215 on dirait que le feu sort de leurs profondeurs
647 1212 1510 1276 puis s'étend sur le quai déjà rouge, et s’envole.
644 1267 1307 1326 Du bleu lointain fait deviner la mer
647 1312 1043 1368 et la joie tout entière
647 1363 1478 1421 qui frissonne en l’azur du grand ciel arrondi,
655 1410 1405 1465 plonge le voyageur au fond d’un paradis.
653 1461 1204 1512 Le marbre parle en le silence,
656 1506 1233 1563 des flots de rayons se balancent
647 1535 1396 1602 sur les chevaux de bronze et le Lion ailé,
653 1600 1339 1662 sur les palais sortis du génie exalté!
888 1677 1272 1761 Les Canaux
695 1765 1265 1841 Vogue ma barque vers l’amour
692 1822 1364 1868 l'amour d'une nuit — ou d'un jour!
687 1884 1291 1930 Autour de moi, pour m’enivrer,
695 1925 1265 1990 s’éparpille un bruit de baisers.
695 1997 1487 2060 D’où viennent ces parfums trop lourds?...
695 2057 1295 2122 Vogue ma barque vers l'amour!
695 2106 1379 2169 Puisque les fleurs mourront demain,
697 2151 1152 2235 je les couperai ce matin.
694 2235 1211 2305 Et je porterai le printemps,
695 2290 1356 2355 le printemps de mon cœur aimant.
710 2341 1290 2393 Vogue ma barque vers l’amour,
697 2388 1373 2455 l’amour d'une nuit — ou d’un jour!
659 2455 1413 2510 Enseveli dans un décor toujours luisant.
668 2514 1255 2572 le gondolier jette, en chantant,
662 2562 1116 2615 la douceur de sa destinée
659 2612 1453 2674 aux dômes que revêt une aurore argentée.
668 2662 1492 2705 L’eau verte des canaux prolonge son mystère
659 2707 1492 2766 sous le pont minuscule ou sous l’arcade fière
668 2754 1427 2816 C’est l’image infinie d’un rêve souverain,
659 2806 1438 2876 d’un rêve céressant, caressant et sans fin
629 2875 1525 2942 Toutes les parties chantées portent le signe
