2056 3370
718 374 1128 447 Palais ducal
430 430 1345 510 Quel souffle éveillera l’ancienne ardeur des fêtes?
433 498 1201 569 Quel écho frappera le faste des cortèges?
440 550 998 600 Voyez la soie, l’or et les perles
432 599 1354 660 qui, largement, par l’escalier pompeux, déferlent.
438 648 1223 702 Voyez la riche ampleur de ces étoffes rares,
429 690 985 757 les dalmatiques, les simarres.
430 734 1215 808 Entedez donc le rireaigu et trop hautain
430 790 835 850 du cynique Arétin...
430 833 1510 904 C’est la folie et c'est la chair et c est la vie en abondance,
430 892 1220 946 c’est l’épopée énorme et la force splendide.
433 937 1162 987 c’est le nu étalé dans sa beauté candide
430 982 1173 1057 et le passé librant salue la wordissance!
741 1053 1112 1139 Les Eglises
667 1142 1220 1219 a) SAINT-MARC
494 1197 1065 1276 Le soleil naissant vient sourire
496 1264 1115 1307 sur des broderies de porphyre,
499 1311 1334 1364 il s’accroche aux balcons, il rôde sur la place,
499 1362 1373 1412 un vieux puits ouvragé le retient et l’embrasse.
496 1408 1268 1467 Lueurs d’apothéose, il prend la basilique,
503 1454 1357 1509 il flamboie!... et la foule assiège les portiques.
690 1508 1167 1598 INVOCATION
519 1587 1408 1648 o St-Marc, bon gardien de la Ville et du Temps
531 1633 1305 1699 Protecteur des aïeux, protège nos enfants.
533 1685 1306 1740 Ta gloire est notre gloire et Venise vénère
521 1731 1389 1798 ton nom, öcher patron, ô St-iente, notre père!
615 1792 1244 1879 b) SAN-GIOVANNI
469 1863 894 1931 Ici, des vitraux blancs,
467 1917 998 1973 tombe un bloc de lumière
469 1966 1015 2024 et des voix mêlent à l’encens
472 2012 1049 2082 le rythme assourdi des prières.
467 2059 1098 2125 L’église claire enclot la majesté
477 2104 1392 2168 des doges endormis dans leurs tombeaux scriptés.
745 2178 1128 2254 O Christ! ayez pitié,
741 2238 1128 2301 terrassez le malheur
741 2285 1224 2348 du sein de vos splendeurs,
741 2332 1139 2401 écoutez-nous prier...
741 2399 1124 2465 Écoutez-nous gémir
741 2444 1186 2515 et mettez sur nos pleurs
744 2503 1143 2561 les mots consolateurs
751 2545 1147 2625 qu'attend le repentir.
445 2611 1254 2678 Entre les hauts piliers qui regardent le ciel,
445 2644 1353 2718 des prêtres en surplus se courbent vers l’autel.
445 2706 1389 2785 Ils sont sans mouvement mais leurs lèvres remuent
441 2751 1223 2815 et leur ombre mêlée à l’ombre des statues
449 2806 1338 2869 monte lelong des murs géants, le long des croix,
443 2853 1280 2935 comme l’espoir s’élève et monte vers les nues
709 2900 1150 2967 avec les ailes de la Foi!
