2056 3370
461 215 1604 303 Koninklijke Maatsehappij van Dierkande
800 310 1303 408 VAN ANTWERPEN
310 401 1757 461 1 1/2 1/3  =================..........................
414 479 1664 556 Zondag 26 Maart 1905, te 3 1/2 uren ’s namiddags
310 645 1688 753 Symonisen Concer
334 813 1739 891 DOOR HET ORKEST DER MAÄTSCHAPPIJ
465 908 1595 971 onder de leiding van M. ED kan Deurvels
977 982 1088 1088 xx
780 1094 1254 1212 programma
968 1214 1124 1281 j° DEEL
1296 1172 1649 1283 Ch. Pounod
303 1214 631 1281 Mireille
310 1258 891 1347 I. Löreley (öpeningstuk)
1307 1263 1719 1358 W.V. WALLACE
297 1329 827 1405 2. Hongaarsche suite
1318 1332 1671 1400 H. HOFMANN
297 1387 815 1465 3. Boheemsche dans
1327 1385 1695 1460 G. MEYERBEER
297 1451 798 1518 4. Kroningsmarsch
1321 1449 1759 1527 P. TsCHAÖK0WSY
942 1498 1117 1589 2e DEEL
303 1569 888 1646 5. Phædra (opingstuk
1321 1573 1606 1662 J. MASSINE
297 1640 1174 1717 6. Lohengrin (bloemlezing door Joz. Dupont)
1318 1642 1693 1717 RICH. WAGNER
315 1700 866 1770 7. Zorahayda (legende)
1332 1700 1759 1784 JOH. S. SVENDSEN
467 1751 1030 1817 Viool-Solo: M. EDM. DEette
343 1801 1759 1872 ..Op eenen helderen zomernacht was Jacintha alleen gebleven in eene zaa
301 1848 1759 1915 van het Alhambra. Bij eene albasten fontein zat zij te weenen; snikken ont-
306 1884 1607 1961 snapten haren boezem en tranen vielen stil in het doorschijnend nat..
344 1917 1759 1974 Langzamerhand werd het water beroerd, en midden eenen vormeloozen
303 1966 1757 2018 damp verscheen de schim eener schoone jonge vrouw, dragende in hare hander
303 2007 1762 2078 eene zilveren luit. Haar gewaad, schitterend van gesteenten, was dit eener
303 2032 634 2090 Moorsche prinses.
339 2063 1762 2132 « Sterfelijke maagd „, sprak zij teeder, “ waarom weent gij? Waarom stoort
310 2105 1759 2176 gij door uwe klachten de stilte des nachts? — Ik beween den welbeminden,
303 2158 1759 2203 die mij heeft verlaten!» — Droog uwe tranen, uw leed zal weldra eindigen.
303 2196 1759 2253 Doch luister. Voor u ziet ge de droeve Zorahayda. Even als gij, kende ik de
310 2236 1759 2291 folteringen eener ongelukkige liefde. Een kristen ridder had mijn hart vero¬
303 2278 1768 2324 verd; ik had beloofd zijn geloof te omhelzen en hem te volgen naar zijn
306 2309 1759 2364 geboorteland. Doch op het beslissend oogenblik verliet mij mijn moed; ik
306 2351 1757 2402 wijfelde, en werd gevangen gehouden in dit paleis, waar ik stierf na een
310 2391 1762 2444 smartvol leven Sinds hebben de Geesten des kwaads alle vermogen op mij en
303 2420 1759 2475 ik moet hen onderworpen blijven tot den dag waarop eene reine christene
306 2468 1744 2517 hand de toovermacht zal verbreken die mij hier kluistert : Gij kunt mi
306 2504 1757 2559 bevrijden. Wilt gij dit? Spreek! „ — „ Ja, ik wil het’, antwoordde bevenc
303 2550 1759 2603 Jacintha. — « Nader dan. Dompel uwe hand in het water der fontein, doop
301 2581 1762 2634 mij volgens uw geloof, en mijne ziel erlangt den eeuwigen vrede. — Jacintha
306 2615 1761 2670 naderde, nani water in de holte harer hand, en stortte het uit op het hoofd der
304 2663 1757 2734 schim. Toen liet Zoharayda, het wezen verklaard, de luit zachtjes glijden naas
303 2703 1575 2750 de fontein, kruiste hare blanke armen op hare borst en verdween....
339 2725 1759 2787 Jacintha dacht te ontwaken uit een droom. Maar de zilveren luit ziende aan
301 2756 1759 2847 hare voeten, verging haar twijfel, en bij de herinnering aan Zorahayda’s voor-
306 2808 1230 2870 zegging, straalde haar ge'aat van hoop en vreugde.
306 2858 1757 2923 8. Volksfeest (uit het lyrisch drama «De Pacificatie van Gent»
1321 2916 1684 2991 PETER BENOIT
456 2971 1759 3049 Optocht der Edelen, Gilden, Kamers van Rhetorika met hunne pijpers
539 3016 1057 3064 en narren. — Volksvreugde.
312 3093 1759 3138 Woensdag 29: Festival Vincent d’Indy, onder de leiding van den Meester en
343 3133 1757 3193 met de medewerking van Mevr.C. FIERENS (Sopiano), M. L. SwOLES (Tenor)
343 3166 908 3231 en M. M.GEERAERT (Pianist).
