2056 3370
457 215 1496 301 Société Royale de Zoologie d'Envers
249 310 1702 411 ....................................ii
367 409 1630 491 Dimanche 26 Mars 1905, à 3½ hs. de l'après-midi
275 526 1700 737 Concert de Symphonie
350 765 1610 862 PAR L'ORCHESTRE DE LA SOCIÉTÉ
409 866 1546 955 sous la direction de M. EDWARD REURVELS
939 943 1049 1042 &C
743 1064 1218 1192 programme
875 1175 1102 1267 1 r.o PARTIE
1271 1175 1594 1280 ch. Counx.
319 1207 561 1289 Mireille
1335 1265 1682 1348 V. WALLACE
249 1263 783 1351 1. Loreley (ouverture)
1262 1329 1610 1399 H. HOFMANN
249 1326 715 1395 2. Suite hongroise.
251 1388 763 1454 3. Danse bohémienne
1263 1384 1643 1456 G. MEYERBER
242 1434 930 1524 5. Marche du couronnement
1263 1441 1715 1522 P. TsCHAÖK0WSY
864 1504 1102 1597 2me PARTIE
246 1573 781 1671 5. Phèdre (ouverture).
1271 1570 1590 1671 J. MASSENET
1271 1652 1649 1729 RICH. WAGNER
242 1630 1106 1737 6. Lohengrin (transcription de Jos. Dupont)
1263 1711 1705 1799 JOH S SVENDSEN
257 1720 823 1784 7. Zorahayda (légende)
403 1771 988 1836 Violon-Solo : M. EDM. DE Harton
286 1775 383 1848 P.S.
275 1826 1709 1874 Par une nuit d'été Jacintha était restée seule dans l'Alhambra. Assise auprès
246 1869 1715 1916 d'une fontaine, elle pleurait, et ses larmes tombaient dans l’onde pure.. — Peu
242 1902 1711 1960 à peu, l’eau devint agitée et, du milieu d’une vapeur indécise, apparut le pâle
249 1951 1711 1997 fantôme d'une femme jeune et belle tenant en ses mains un luth d'argent. Ses
249 1980 1660 2024 vêtements étincelents de pierreries étaient ceux d'une princesse mauresque.
284 2023 1705 2076 « Fille mortelle », dit sa voix harmonieuse et tendre, - pourquoi pleures-tu
251 2056 1689 2120 dans le silence de la nuit? »— Je pleure le bien-aimé qui m'a délaissée! » —
251 2094 1718 2149 « Sèche tes larmes ; écoute : Tu vois devant toi la triste Zorahayda. Comme
249 2133 1705 2189 toi j’ai connu les tourments de l’amour malheureux. Un chevalier chrétier
242 2184 1716 2241 avait gagné mon cœur. J’avais promis d’embrasser sa croyance et de le suivre
251 2219 1709 2270 en son pays. Au moment du départ, mon courage faiblit, je restai et suis morte
251 2261 1711 2314 païenne, dans ce palais, après une vie de souffrance. Depuis, les Génies du Ma
249 2298 1718 2345 ont tout pouvoir sur moi, et seule la main pure d’une chrétienne détruira le
251 2331 1718 2386 charme magique qui me retient ici prisonnière. Tu peux me délivrer.. Le
249 2377 1711 2424 veux-tu?... Parle l» — »Oui, je le veux!» — « Approche donc. Plonge la main
249 2408 1718 2468 dans l’eau de cette fontaine, baptise moi, et je serai rendue à l'éternel repos. »
284 2448 1715 2507 Jacintha s’approcha, prit de l’eau dans le creux de sa main, et la répandit
249 2485 1705 2543 sur la tête du fantôme... Alors, Zorahayda, le visage transfiguré, laissa douce
251 2529 1718 2593 ment tomber son luth d'argent, croisa ses bras blancs sur son sein et, souriant,
249 2575 451 2631 disparut...
284 2578 1718 2661 Jacintha croyait sortir d'un rêve. Mais en voyant à ses pieds le luth d’argent,
242 2644 1643 2696 ses doutes s’évanouirent et ses traitss’illumminèrent d’espérance et de joie.
249 2692 1711 2760 8. Fête populaire (fragments du drame lyrique « La Pacifica-
1295 2740 1643 2822 PETER BENOIT
407 2747 767 2824 tion de Gand »)
403 2784 1722 2861 Cortège des Nobles, des Gildes, des Chambres de Rhétorique avec leurs
484 2846 1166 2925 « pijpers » et fous. — Joie populaire.
249 2917 1720 2978 Mercredi 29 : Festival Vincent d’Indy, sous la direction du Maître et avec le
284 2962 1718 3028 le concours de Mme C. FiERENS (Soprano), M. L.comoLES (Ténor) et
277 3007 827 3099 M. M.GEERAERT (Pianiste).
1056 3040 1649 3152 Impr. F. Janssens-Anthonis. - Anvers
