2056 3370
440 321 1576 440 Koninklijke Maatschappij van Dierkunde
781 444 1250 528 VAN ANTWERPEN
276 505 1724 619 (3,8). R.O.K.F.R.C. P.M. 1/3. -3.40.
381 586 1636 694 Woensdag 29 Maart 1905, te 8½ uren's avonds
305 750 1622 938 Pestival Vincent d'Inq
361 956 1623 1062 door het Symfonisch Orkest der Maatschappij
543 1043 1454 1140 ONDER DE LEIDING VAN DEN MEESTER
714 1108 1281 1199 EN MET DE MEDKWERLING VAN
413 1198 1575 1272 Mevr. Carolina FIERENS (Sopraan)
664 1254 1335 1340 van den Koninklijken Schouwburg
500 1320 1481 1392 M. Laurens swolffs (Tenor)
545 1387 1463 1452 van den Nederlandschen Lyrischen Schouwburg.
446 1445 1549 1535 M. MauritsGEERAERT (Pianist)
931 1526 1037 1650 etc.
740 1632 1210 1762 programma
253 1764 1530 1834 1. Wallenstein (Trilogie, naar het dramatisch gedicht van Schiller)
400 1831 882 1907 1. Wallenstein’s leger
408 1898 1100 1964 2. Max en Thecla (De Piccolomini)
399 1935 873 2018 3. Wallenstein's dood
245 2002 637 2089 2. Sarabande
678 1984 1667 2092 uit de Suite in D voor trompet, 2 fluiten
308 2065 509 2143 Menuet
1041 2089 1299 2154 en snaren
303 2136 1297 2213 Het Lied der Klok (Dramatische legende)
474 2195 979 2273 2e Tafereel : DE LIEFDE
404 2251 844 2343 Wilhelm: M. L. SwOLES
399 2316 891 2399 Lenore : Mevr. C. FiERENS
238 2356 1082 2468 4. Symfonie voor orkest en klavier
536 2442 1190 2527 (op een Fransch berglied)
391 2507 1084 2588 A) Nogal langzaam : matig opgewekt
391 2578 1093 2655 B) Nogal matig maar zonder zwaarte
390 2621 637 2713 c) Levendig
422 2715 1517 2834 De klavierpartij door den Heer M.GEERAERT.
285 2870 1638 2983 Concertvleugel STEINWAY uit het Huis RUMMEL en C
