2056 3370
985 279 1647 358 (Lénore, transportée, se jette dans les
934 341 1269 417 bras de Wilhelm).
905 404 1044 474 LÉNORE
479 453 1402 520 Ah! cher amant, redis ce doux mot qui m’enivre :
477 508 1474 570 « Je t'aime ».. Oui! je t’aime et me laisse charmer.
637 554 1200 614 Je t’adore, heureuse de vivre :
560 594 1285 667 O bien aimé! Partout je veux te suivre,
552 655 1345 733 Au delà de la mort je veux encor t' aimer!
1142 699 1647 760 (Elle s'arrete tout-à-coup).
479 760 1417 801 La mort!... Ah! cette nuit un rêve m'a troublée :
634 802 1269 857 Je te voyais... la foule rassemblée,
479 854 1352 901 loyeuse, t'acclamait par de nobles transports...
485 897 1340 951 Nous étions séparés.. Et moi, triste, inquiète,
482 945 1368 996 Je te tendais les pars. Mais, soudain, sur ma tête
482 992 1313 1068 Lentement descendit le long voile des morts!
972 1043 1653 1111 (Wilhelm la reprend entre ses bras).
909 1092 1071 1157 WILHELM
658 1140 1238 1223 Loin de nous la noire tristesse!
661 1209 1215 1269 Bien loin ce rêve mensonger!
652 1256 1247 1319 Rassure-toi, chère maîtresse.
960 1306 1650 1353 (Elle l'entraîne sur le banc de verdure).
918 1352 1061 1425 LÉNORE
655 1420 1199 1479 Ah! laisse mon cœur parler,
525 1462 1440 1526 Mon regard doucement dans tes yeux se plonger!
797 1519 1179 1595 WILHELM ET LÉNORE
624 1587 1182 1642 Que mon âme à ton åme unie
536 1623 1285 1689 Par un serment que rien ne peut briser,
701 1685 1146 1742 Goûte la douceur infinie
703 1727 1141 1792 D’un amoureux baiser!
542 1776 1414 1836 O pur amour! Langueur douce et tranquille...
1004 1824 1662 1885 Ils restent un moment enlacés. La
951 1871 1415 1951 nuit est presque tombée).
909 1934 1074 1991 WILHELM
872 1994 1169 2050 Mais, écoute...
877 2036 1214 2104 C’est l'Angélus...
595 2094 1404 2155 Bientôt on va fermer les portes de la ville.
686 2140 1394 2196 Ton père doit t’attendre, ô bien aimée,
601 2191 856 2262 Il faut partir.
990 2223 1659 2299 (Lénore se relève brusquement et
945 2268 1663 2351 s'adresse à la plaine déjà plongée dans
949 2331 1177 2402 l'obscurite).
915 2382 1066 2455 LÉNORE
879 2443 1335 2516 Adieu, nuit amoureuse!
657 2501 1029 2568 Adieu, chère vallée,
666 2544 1133 2613 Adieu, rêve enchanteur!
703 2595 1390 2651 Je pleure, et je suis bien heureuse...
706 2640 1462 2693 Rentrons, Wilhelm... Je n'ai plus peur.
992 2673 1667 2744 (Ils reprennent leur promenade et se
945 2730 1669 2794 perdent tous deux dans la nuit. Le
951 2783 1278 2867 rideau se ferme).
941 2840 1075 2909 —
