2056 3370
453 332 1346 423 Eerste Uitvoering te Antwerpen der
823 465 1405 645 Koogmis
617 636 1580 727 (2de Deel der Godsdienstige Tetralogie*) van
849 739 1356 851 Peter Benoit
1045 846 1260 961 * gansch
1094 930 1704 1050 het gevallene menschdom.
414 965 940 1057 1. Kyrie eleison.
446 1054 1755 1117 Dit Kyrie is eenvoudig in zijne grootschheid, rijk als harmonieke
86 1031 185 1152 dat,
414 1101 1758 1166 bewerking en afgewisseld van effekten. Het verbeeldt gansch een voIk
91 1101 1966 1239 Frein vom hart ten hemel smeekten om hulp en met vurigheid hakend naar de komst Thaakt
414 1208 1755 1262 van den Zaligmaker. — Na een zeer ontwikkeld eerste motief, murmelt
414 1255 1755 1309 het groot kooreen stil gebed, terwijl het klein koor een tweede motiel
416 1309 1746 1372 vooropstelt in canonvorm. Treffend is het slot van dit stuk, waar zich, op
416 1351 1753 1407 gehoudene akkoorden der stemmen, zeer indrukvol eenige gedeelten van
414 1402 1748 1463 het eerste motif komen plaatsen door den hobo, den hoorn en de baspijp
414 1449 1293 1501 Basviolen en cellos uiten de laatste smeekingen.
1206 1487 1779 1597 (1ste deel der Thelogie)
402 1512 1173 1611 2. Gloria in excelsis Deo.
439 1608 1748 1674 A) Gloria. De Gloria volledigt den Kerstzang); deze laatste verbeeldt
404 1660 1758 1723 het Christendom in zijn dageraad, hier is het voorgesteld in al zijne
409 1706 1755 1762 kracht. — Op een machtigen aanhef der beide koren volgt eene zachte
409 1755 1751 1814 melodie : Et in terra pax, enz. De woorden van den gewijden tekst, van
402 1802 1755 1863 het Laudamus te tot het Rex caelestis, brengen de ontwikkeling van het
402 1861 1748 1907 eerste toonbeeld van den Gloria. Daarop volgt in koraalvorm door het groot
402 1893 1748 1954 koor: Gratias agimus tibi, hetwelk. onderbroken wordt door het klein
402 1945 1755 2006 koor met gedeelten van het In terra paa en op het Domine Jesu Christe
402 2001 1748 2059 in gedurige voortschrijding klimt, om plotseling afgebroken te worden
402 2050 1755 2111 door een korten toonovergang van het orkest. Een gehouden soon van
402 2094 1746 2167 den hoorn volledigt dien overgang en voorbereidt den geheimvollen
402 2134 1045 2197 indruk van het volgende gedeelte.
439 2186 1746 2256 B) Qui tollis péccata mundi, Eene teedere melodie, in vierstemmig
397 2242 1746 2298 koor gezongen door de Sepranos en Altos, waaraan de mannenstemmen
402 2284 1746 2345 een karakter van diepe geheimenis mededeelen door hunne antwoorden
404 2333 1746 2398 in weekere tonen. Het indrukwekkend smeekgebed van het Agnus Dei gaat
402 2384 1744 2445 voort tot aan Qui sedes ad dexteram Patris ; op deze verzen geschiedt een
397 2431 1744 2492 dialoog tusschen de twee ko ren, hetwelk eene aangrijpende kracht van
397 2475 1732 2543 uitdrukking verkrijgt, voornamelijk bij de uitroepingen: Miserere nobis
402 2527 1744 2592 Merkwaardig is dit stuk daarenboven om de prachtige toonovergangen
395 2571 825 2641 welke erin voorkomen.
435 2630 1741 2712 * De drie andere deelen van Peter Benoit’s Godsdienstige Tetralogie
386 2712 1732 2751 werden opvolgentlijk in onze Maatschappij uitgevoerd : Kerstzang (1° Deel
393 2730 1739 2800 in 1903, Te Deum laudamus (3e Deel) in 1904, Requiem-mis (4e Decl) in
393 2779 1744 2842 1900 en 1902. — Het Drama-Christi, hetwelk in onmiddellijk verband
388 2826 1461 2877 staat met de Titralogie, werd uitgevoerd in 1900 en 1903.
