2056 3370
310 487 1616 561 c) Quoniam tu solus sanctus. De eindstroof is geheel gebouwd op
274 544 1621 608 het motif van den Gloria, en sluit schitterend dit gedeelte van het werk.
328 608 621 692 B. Credo.
313 690 1613 761 In de muzikale uitbeelding van het Symbool der Kerk (de Geloofsbelij-
276 746 1618 798 denis) heeft de toondichter het bijbelsch verhaal van het lijden van Jesus
271 793 1613 862 beschouwd als een zinnebeeld der vervolgingen,die het Christene denk¬
274 849 1615 904 beeld te verduren had- alvorens te kunnen komen tot zijne bevestiging.
274 896 1478 946 De Credo vormt dus de groote dramatische bladzijde uit het werk.
310 945 1618 1000 Deze opvatting heeft den toondichter veroorloofd aan zijne muziek die
274 985 1620 1057 kleur, die uitdrukking en dien toon van waarheid te geven, welke
274 1042 1339 1089 overigens in geheel de Titralogie zoo eigenaardig aandoen
303 1069 1623 1158 A) Inleiding. De orkestrale zet, vóór de inkomst der koren, heeft iets
268 1138 1613 1194 onbestemds, als een denkbeeld dat zich eerst zeer onbepaald voordoet,
271 1185 1616 1253 zich langzamerhand meer bevestigend omlijnt en eindelijk zich volledig
268 1239 1610 1290 openbaart. Een hortende volzin, geschreven voor de snaren, wordt voor
268 1281 1618 1340 uitgezet op breede, sombere akkoorden der blaasspeeltuigen. Deze korte
271 1334 1347 1386 inleiding kondigt het drama aan dat zich gaat ontvouwen.
313 1372 1618 1435 B) Credo in unum Deum. Het Christene denkbeeld ontvangt zijne
268 1430 1613 1482 eerste plechtige bevestiging. De mannenstemmen van het klein koor
264 1472 1606 1536 door een drukken het eerste geloofsartikel uit in een breed koraalmotief
268 1524 1613 1574 begeleid doorgezet contrapunt (ottinato) van het orkest en overgenomen
268 1571 1613 1628 door de vrouwenstemmen. Na iederen zin van dit koraal herneemt het
264 1621 1610 1667 eerste motif in de groote koren, steeds met meer kracht bevestigend :
266 1672 1539 1731 Credo! Het orkest ontwikkelt dit denkbeeld tot aan het : Deum de deo.
317 1714 1616 1765 Op deze woorden plaatst zich voor de eerste maal het thema, door den
271 1766 1610 1824 toondichter gekozen als onderwerp voor de slot-fuga, op hetwelk het
271 1812 1600 1879 groot koor de zegepraal zal zingen van het Christene denkbeeld, aange
271 1864 1608 1911 kondigd door het Resurrexit. Onderwijl de violen en de cellos eene heer-
273 1906 1613 1963 lijke omlijsting aanbrengen van nevenmotieven getrokken uit het groote
264 1962 1606 2010 motief, ontwikkelt zich het hoofdthema, voortdurig aangroeiend en
268 2010 1605 2056 stijgend tot aan de herneming van het eerste koraalmotief, Credo, het¬
268 2058 1605 2122 welk de toondichter ditmaal terugbrengt met al de kracht van koren en
271 2100 397 2162 orkest
306 2120 1608 2202 c) Et incarnatus est. Naarmate het Geloofs-symbool nadert tot het
268 2199 1605 2260 geheim der Menschwording, verzachten de uitdrukkingen van het orkest.
271 2248 1610 2303 Op de uitbundige akkoorden van het Credo volgt het geheimvolle Incarnatus
261 2295 1601 2344 est ; een kort doch uiterst ingrijpend dialectoog der groote en kleine koren
298 2342 1606 2398 b) Crucifixus est. In zijne vertolking van het Crucifiæus heeft de
268 2388 1598 2443 toondichter zich de menigte, welke getuige was van het lijden van Jesus
269 2448 1608 2499 voorgesteld als onder den invloed van drie verschillende gevoelens:
268 2475 1605 2553 Onverschilligheid bij de eenen, haat hij de meesten, vrees en smart bij des
264 2524 1601 2595 anderen. Om dit uit te drukken, doet hij hier drie koorgroepen samen-
271 2583 1608 2633 werken, waarvan eene verhalendis, eene andere uitgalmend en eene derde
264 2627 1601 2681 bespiegelend. Onder den zang dier stemmengroepen verneemt men in de
264 2677 1598 2726 basviolen eene treurmarsch, verbeeldende den lijdenstocht van Jesus naai
268 2723 1601 2788 den Golgotha. Onder dit vierdubbel opzicht dient dit schoone gedeelte
264 2771 1605 2830 beschouwd te worden. Tevens stippen wij aan dat de toondichter eene
263 2830 1605 2881 natuurlijke verbinding heeft verwezenlijkt tusschen het Incarnatus est
268 2867 1605 2926 en het Crucificwus. Het motif dat de geboorte van Jesus uitdrukt wordt
268 2920 1596 2975 gezongen door zachte stemmen, en diezelfde zang, versomberd en hor-
264 2968 1605 3037 tend gespeeld door de basviolen, begeleid het goddelijk Kind, thans
