2056 3370
161 1361 299 1504 -ge
423 333 1762 435 geworden de Mensch der smart. Bij het Sepultus est murme'en de bassen
426 418 1762 477 nog eenige zware tonen, waarop opvolgentlijk de Sepranos en de Tenors
423 467 1757 541 een zang als eene verzuchting doen hooren ; ten slotte drie donkere toner
431 524 1368 572 van den hoorn, en het schijnt of : alles is volbracht.
462 567 1762 609 E) Resurrexit. Twee zegevierende kreten van de koren drukken de
428 605 1766 663 Verrijzenis uit. Daarop volgt eene nieuwe krachtvolle uitroep : Venturus
428 663 1762 714 est judicare, om eensklaps over te gaan in de slotfuga; deze wordt door
423 702 1761 758 het groot koor uiteengezet en ontwikkeld op den verderen tekst der
428 753 1669 807 Belijdenis, terwijl het klein koor ze doorkruist met nevenmotieven.
467 795 1761 874 Die dramatische fuga verbeeldt de duizenden stemmen die het Chris¬
426 854 1771 907 tene denkbeeld uitroepen en doen zegevieren over de wereld. Het is als
428 891 1771 947 een wervelwind, een onweerstaanbaar orkaan van geestdrift, losgebroken
435 956 1762 1006 over de menschheid. Aldus eindigt dit gedeelte en daarmede de over-
431 991 1767 1055 heerlijke spiraal die aanvangt bij het Kyrie, zich uitbreidt in den Gloria
431 1049 1074 1125 en zich volledig uitzet in den Credo.
482 1096 1270 1191 4. Sanetus en Benedictus.
470 1177 1772 1255 Na de voorgaande gedeelten der Mis,klinkt de Sanctus als een jubelkreet
423 1240 1767 1302 en een dankgebed.De Benedictus is integendeel doordrongen van een innig
428 1297 1772 1346 dichterlijk gevoel; hij begint met een recitati¬ ƒ voor de harp,gevolgd door
428 1350 1762 1411 een uitdrukvollen alleenzang vier den tenor. Onderwijl den tenorsang
426 1378 1772 1449 murmelt soms het groot koor eene rustig gemoedelijke beleiding,
416 1438 1771 1519 deorschijnende welken gedragen door het orgel en de cellos. Bij het slot
426 1476 1771 1536 van den Benedictus komt stillerhand heel het orkest zich bij de stemmen
431 1527 1767 1603 voegen, om eindelijk los te breken in eene herhaling van het jubelende
426 1580 1520 1646 Plem sunt cæli et terra gloria tua
423 1646 1532 1752 5. Agnus Dei en Dona nobis pacem¬
465 1722 1772 1805 Het karakter van het Agnus Dei is niet hetzelfde als dat van Het Kyrie
423 1786 1771 1854 eleison. Was dit laatste een deemoedig smeekgebed der reinen van hart
423 1828 1771 1903 om de komst van den Verlosser, het Agnus Dei is daarentegen de bange
426 1882 1762 1955 hulpkreet van rouwende zondaren, eene bede om vergeving en om vrede
428 1920 1766 1989 Na eene herhaalde aanroeping van het « Goddelijk Lam dat de zonden
426 1970 1784 2050 der wereld wegneemt. (qui tollis peccata mundi) », volgt een klagend
423 2031 1776 2102 gezang van het klein koor, zeer zacht gesteund door het fluisterend bidden
423 2073 1772 2136 van het groot koor : Miserere nobis. Dit laatste neemt stillerhand toe in
426 2119 1771 2202 kracht, en wordt weldra een luid en roerend noodgeschrei. Eene kalme
428 2173 1778 2244 speling van het orkest brengt eene oogenblikkelijke rust, tijdens dewelke
423 2217 1776 2287 een gevoelvolle alleenzang voor tenor zich ontwikkelt. Weldra komt
431 2261 1776 2342 nogmaals het groot koor zich bij dien treurzang stil aansluiten, de klacht
425 2309 1769 2386 wordt meer en meer nijpend en aandringend, tot op eens de beide koren
423 2368 1771 2427 zich vereenigen in een laatste smartvol gebed om vergeving. Een stille,
426 2413 1774 2484 troostvolle overgang van het orkest brengt ons ten slotte naar het Dona
431 2461 1769 2527 nobis pacem, hetwelk door zijne reine harmonieën en teedere kleuren in
428 2517 1772 2569 volkomene tegenstelling staat met het voorgaande sombere gedeelte van
428 2561 1774 2635 het Agnus Dei. Een paar verrassende overgangsakkoorden, bij het einde
431 2605 1776 2667 in dialect door beide koren zacht overgenomen, verwezenlijken het
428 2647 1772 2723 denkbeeld van den hemelvrede als gevolg van den vrede op aarde, en
1116 2694 1776 2782 der vereenigde koren : Dona nobis
428 2723 1099 2770 leiden tot eene grootsche uitzetting
423 2758 1131 2838 pacem, waarmede het gewrocht sluit.
1093 2767 1778 2862 (Peter Benoit legde de laatste hand aan
1089 2840 1774 2909 dit werk den 22 April 1860, te Parijs.
