2056 3370
133 2414 324 2515 voilées.
477 311 1342 429 Première addition à Anvers de la
599 451 1606 651 Grande Messe
638 672 1548 771 (2me Partie de la Tétralogie Religieuse *) de
827 769 1373 885 Peter Benoit
782 934 1967 1128 Toute l'humanité, déchue mais pur de cœur
464 1048 994 1145 1. Kyrie eleison.
472 1149 1757 1228 Ce Kyrie est simple dans sa grandeur, riche d’harmonie et varié dans
412 1199 1753 1272 ses effets. C'est tout-un-peuple supplieMt le ciel et aspiréth avec ardeur
414 1246 1742 1330 vers la venue du Rédempteur. — Après un premier motif bien développé
1755 1241 1931 1347 très
408 1287 1748 1379 le grand chœur marmure une prière, pendant que le petit choeur déve¬
410 1351 1757 1417 loppe un second motif en forme de canon. Ce qui frappe vivement dans le
408 1385 1755 1469 finale de ce morceau, ce sont des accords soutenus par les voix et sur
410 1441 1750 1518 lesquels se détachent d’une façon excessive quelques Cragments du
421 1490 1759 1566 premier motif par le hautbois, le cor et le basson. Les contrebasses et les
408 1540 1649 1622 violoncelles nous apportent les derniers accents de ces supplications.
458 1606 1959 1690 2. Gloria in excelsis deo. (1er partie de la Tétralogie
449 1695 1750 1781 A) Gloria Le Gloria complète le Noël; dans ce dernier l’Idée chrétienne
404 1770 1748 1832 en est à son aurore, ici elle est présentée dans toute sa force. Une entrée
410 1828 1755 1877 grandiose des deux chœurs est immédiatement suivie par une suave
406 1871 1744 1922 mélodie sur les mots: Et in terra pax, etc. Les paroles du texte sacré
410 1907 1759 1987 depuis le Laudamus te jusqu’au Rex caelestis, sont le développement de la
410 1965 1748 2032 première idée du Gloria. Ensuite le grand chœur entonne un choral sur
412 2010 1750 2083 les paroles : Gratias agimus tibi, pendant que le petit chœur ramène
406 2057 1753 2128 constamment des fragments de l'In terra pax, dont la phrase, ramenée
410 2101 1742 2171 sur le Domine Jesu Christe, est développée en suivant une marche ascen-
402 2152 1753 2229 dante. Ici les voix s’arrêtent subitement, l’orchestre fait encore quelques
404 2195 1751 2279 mesures qui conduisent vers une note soutenue par le cor. Cette note
404 2247 1359 2311 prépare, la mystérieuse entrée des chœurs qui suit.
443 2294 1744 2378 B) Qui tollis peccata mundi. Une mélodie douce, chantée en chœur à
406 2343 1742 2416 quatre voix par les Sophiani et Alti, et à laquelle les voix d’hommes im¬
410 2403 1746 2455 priment un caractère tout à fait mystérieux par des réponses dans des to¬
399 2455 1748 2507 nalités plus   L'impressionnante supplication de l'Agnus Dei continue
410 2493 1750 2556 jusqu’aux mots : Qui sedes ad dexteram Patris. Sur ces versets un dialecte
400 2551 1742 2620 s’établit entre les deux chœurs qui acquiert une grande puissance d’ex
443 2646 1744 2710 (*) Les trois autres parties de la Tétralogie Religieuse furent exécutées
399 2689 1748 2743 successivement dans notre Société : Noël (1e Partie) en 1903, Te Deum
399 2725 1744 2783 laudamus (3e Partie) en 1904, Messe de Requiem (4e Partic) en 1900 et
399 2764 1750 2833 1902. — Le Drama-Christi, qui se relie immédiatement à la Tétralogie,
391 2803 913 2876 fut exécuté en 1900 et 1903.
