2056 3370
282 445 1633 524 pression surtout aux exclamations : miserere nobis. Cette partie est
286 516 1583 580 plus remarquable encore par les belles modulations qu’on y rencontre.
316 573 1628 633 c) Quoniam tu solus sanctus.La strophe finale est entièrement bâtie
274 620 1529 684 sur le motif du Gloria et termine avec éclat cette partie de l'œuvre.
333 702 635 771 3. Credo.
312 798 1623 870 Dans l’interprétation du Symbole de l'Eglise (la Profession de foi) le
276 860 1625 932 compositeur a considéré le récit biblique des souffrances de Jésus comme
274 916 1616 978 une image des persécutions que l’Idée chrétienne devait subir avant
274 958 1616 1035 d’arriver à son entier établissement. Le Credo forme donc la grande page
282 998 722 1060 dramatique de l'œuvre.
316 1048 1613 1114 Cette façon d’envisager le Symbole a permis au Gompositeur d'impri¬
277 1092 1616 1164 mer à sa musique ce coloris, cette expression et cet account de vérité qui
277 1156 1536 1210 donnent du reste à toute la Tétralogie un aspect nouveau et original.
307 1201 1620 1262 A) Introduction. Avant l’entrée des chœurs, labense orchestrale
274 1230 1618 1307 offre quelque chose d'indécis, comme une idée qui se présente d’abord
274 1295 1613 1354 vaguement, se dessine ensuite peu à peu plus nettement et finalement se
274 1342 1618 1410 manifeste d'une manière complète. Une figure heurtée, écrite pour les
277 1396 1614 1468 cordes, se détache sur des accords larges et sombres des instruments à
274 1443 1534 1510 vent. Cette courte introduction annonce le drame qui va se dérouler.
309 1483 1603 1547 B) Credo in unum Deum. L’idée chrétienne reçoit sa première affir
270 1536 1614 1601 mation solennelle. Les voix d’hommes du petit chœur expriment le
277 1588 1618 1653 premier article de la foi par un motif large accompagné d’un contrepoint
272 1633 1613 1704 ottinato de l’orchestre et repris par les voix des femmes. Après chaque
274 1680 1604 1744 ennée de ce choral le premier motif est ramené par le grand chœur
269 1724 1601 1799 affirmant avec une force toujours croissante : Credo! L'orchestre con
276 1766 1216 1850 tinue à développer cette idée jusqu’au Deum de dea
1295 1794 1480 1850 G.C.F.S.
306 1821 1613 1888 Sur ces paroles vient se placer pour la première fois le thème, choisi
279 1875 1606 1949 par le compositeur comme sujet de la fugue finale, sur laquelle le grand
270 1932 1606 1994 chœur chantera le triomphe de l’Idée chrétienne, annoncé par le Resur¬
265 1971 1611 2050 rexit. Pendant que les violons et les violoncelles opèrent un puissant
267 2026 1611 2085 dessin de motifs secondaires tirés du grand motif, le thème principal se
270 2066 1606 2139 développe et va toujours grandissant jusqu’au retour du choral, Credo,
267 2117 1606 2196 que le compositeur ramène cette fois en appelant à son secours toute la
277 2169 922 2218 puissance des voix et de l’orchestre.
307 2214 1604 2286 c) Et incarnatus est. A mesure que le Symbole marche vers le
262 2273 1599 2334 mystère de l' uscarnation, les accounts de l’orchestre s’adoucissent. Aux
264 2318 1601 2391 accents formidables du Credo succède le mystérieux Incarnatus est : un
264 2349 1124 2416 dialogue court mais saisissant des deux chœurs.
294 2407 1599 2480 a) Crucifixus est. Dans son interprétation du Crucificus, l’auteur s’est
262 2448 1603 2518 représenté la multitude qui fut témoin de la passion de Jésus, agitée par
262 2503 1601 2567 trois sentiments divers. L’indifférence chez les uns, la haine chez la
262 2555 1593 2624 majorité, l’effroi et la douleur chez d’autres. Pour rendre ces différentes
265 2604 1594 2670 dispositions des esprits, le compositeur établit trois grands groupes
257 2643 1589 2713 chorals qui y correspondent. Un groupe est narratif, un autre est excla¬
252 2700 1596 2767 matif, le troisième est contemplatif. Pendant le chant de ces trois groupes
255 2733 1596 2807 de voix, les contrebasses font entendre une marche funèbre qui figure le
270 2787 1593 2861 pélérinage douloureux de Jésus vers le Golgotha.C’est sous cette quadruple
255 2834 1594 2911 face qu’il faut considérer ce merveilleux passage. Ajoutons que l’auteur
259 2895 1598 2958 a voulu établir un lien naturel entre l'Ïncarnatus est et le Crucifiæus. Le
259 2935 1591 3016 motif qui exprime la naissance de Jésus est chanté pas des voix suaves,
