2056 3370
427 374 1771 444 et ce même chant, mais assombri et exprimé d'une manière saccadée par
427 425 1769 488 les contrebasses, accompagne le divin Enfant devenu l'Homme de douleurs.
431 481 1768 532 Au Sepultus est les bas ses murmurent encore quelques notes graves sur
427 530 1769 582 lesquelles les soprani et les ténors font entendre successivement un
431 580 1768 639 chant qui ressemble à des soupirs; enfin, trois notes longues et sombres
431 628 1221 678 du cor, et il semble que : tout est consommé.
464 670 1766 736 c) Resurrexit. Deux exclamations triomphales expriment l'idée de la
427 722 1771 775 Résurrection. Au Venturus est judicare suit une nouvelle exclamation
422 770 1768 827 à grand effet, à laquelle succède tout à coup la fugue finale, exposée et
427 816 1766 875 développée par le grand chœur sur la continuation du texte sacré, pendant
427 867 1769 919 que le petit chœur la coupe par des motifs secondaires. Cette fugue
422 915 1764 970 dramatisée figure les milliers de voix qui proclament le triomphe de l’Idée
425 957 1768 1022 chrétienne sur la terre. C’est un tourbillon, un ouragan irrésistible
422 1002 1768 1059 d'enthousiasme déchainé sur l’humanité. Ainsi finit cette partie, et avec
422 1057 1766 1129 elle se termine cette admirable spirale progressive qui débute au Kyrie,
427 1108 1490 1158 grandit au Gloria et se développe complètement au Credo
440 1156 551 1212 hij de
470 1200 1293 1270 4. Sanctus et Benedictus,
458 1256 1766 1348 Après les parties précédentes de la Messe, le Sanctus sonne comme un
416 1329 1768 1385 cri de victoire et comme une action de grâce. Le Benedictus par contre
416 1381 1762 1444 est empreint d’un sentiment poétique tout intime; il commence par la
416 1431 1758 1495 harpe en forme de récitatif, suivie d’une suave mélodie pour ténor. Par¬
416 1482 1760 1525 fois pendant le chant du soliste, le grand chœur marmure un accompa¬
418 1525 1766 1589 gnement mélodieux et doux, porté ### sur des nuages transparent
418 1574 1762 1637 par l'orgue et les violoncelles. Vers la fin du Benedictus le grandennestre
416 1622 1760 1679 vient peu à peu s’ajouter aux voix pour éclater avec force dans une
412 1655 1893 1738 reprise du triomphal Pleni sunt caili et terra gloria tusé.
475 1738 1624 1832 5. Agnus Dei et Dona nobis pacem.
444 1839 560 1884 G.H.
446 1832 1753 1928 Le caractère de l'Agnus Dei n'est pas le même que celui du Kyrie eleison.
411 1920 1762 1976 Si ce dernier était une humble supplication de cœurs pars pour la venue
412 1963 1757 2014 du Rédompteur, l'Agnus Dei au contraire est un cri navrant de détresse
403 2009 1751 2068 de pécheurs repentants, une prière de pardon et de paix. Après une
403 2068 1747 2112 invocation de « l’Agneau divin qui efface les péchés du monde (qui tollis
411 2112 1753 2171 peccata, mundi)», suit un chant plaintif du petit choeur, appuyé doucement
403 2158 1751 2219 par l'humble prière du grand chœur: Miserere nobis. Cette prière grandit
403 2204 1751 2268 peu à peu et devient bientôt une clameur. Une modulation très douce de
403 2256 1742 2318 l’orchestre amène une paix momentanée, pendant laquelle se développe
398 2302 1742 2355 un chant pathétique du ténor. Bientôt le grand chœur vient de nouveau
401 2351 1738 2412 se mêler à ce chant douloureux, la plainte devient de plus en plus insis
403 2397 1747 2467 tante et émouvante et tout à coup les deux chœurs se réunissent dans
407 2451 1740 2508 une dernière et empoignante supplication. Une nouvelle modulation
401 2504 1738 2556 douce et consolante, de l’orchestre conduit enfin au Dona nobis pacem
401 2548 1738 2605 qui par ses harmonies pures et ses couleurs tendres contraste vivement
392 2596 1738 2653 avec les parties sombres de l'Agnus Dei qui précèdent. Vers la fin,
392 2651 1736 2699 quelques doux accords de transition, repris en dialecte par les deux
394 2694 1736 2755 chœurs,8 réalisent l'idée de la paix célés te comme conséquence de la pai
387 2745 1738 2795 sur la terre, et amènent une explosion grandiose des chœurs réunis :
392 2793 1145 2869 Dona nobis pacem, qui termine l'œuvre.
1002 2830 1760 2907 Peter Benoit mit la dernière main à cette
435 2859 678 2929 G.C.H.F.P
991 2891 1663 2963 partition le 22 Avril 1860, à Paris).
