2056 3370
456 395 1592 523 Koninklijke Maatschappij van Dierkunde
748 523 1290 615 van Antwerpen.
1579 584 1663 679 ttw.
1208 576 1488 688 Aufgenommen vonnernissen.
296 589 853 699 „ „ —„
406 662 1629 774 Donderdag 4 Mei 1905, te 8 ure ’s avonds
306 798 1687 1012 Symfonisch Concer
315 1025 1726 1120 DOOR HET ORKEST DER MAATSCHAPPIJ
441 1127 1594 1235 onder de leiding van M. EDMARD REURVELS
952 1230 1061 1334 etc.
785 1336 1263 1473 programma
942 1473 1109 1566 1° DEEL
1303 1559 1673 1645 EM. WAMBACH
287 1552 761 1647 1. Wijdingsmarsch
1299 1629 1603 1718 EDV. GRIEG
280 1634 756 1709 2. Noordsche dans
285 1693 1049 1779 3. L'Arlésienne (Iste orkestsuite)
1299 1698 1696 1795 GEORGES BιZET
443 1762 1184 1837 A) Voorspel; B) Minuetto; c) Adagietto;
514 1817 747 1878 D) Beiaard :
287 1872 765 1975 4. Isa (opingstuk)
1299 1874 1676 1965 PETER BENOIT
931 1956 1120 2040 2e DEEL
282 2022 1270 2110 5. Der fliegende Holländer (opingstuk)
1299 2037 1678 2125 RICH. WAGNER
291 2101 822 2185 6. Vltava (de Moldau)
1294 2101 1636 2183 FR. SMETANA
386 2172 1649 2247 2de symfonisch gedicht uit den Cyclus Mijn Vaderland
370 2223 1753 2295 Twee bronnen ontspringen den bodem van het lommerrijke Boheemsche
285 2291 1748 2331 woud; de eene horrelt ziedend op, bruist en schuimt ; de andere, helder en
285 2328 1742 2377 frisch, vliet stil verder. Vroolijk murmelend langs de rotsen, vereenigen zich
295 2363 1742 2405 hunne wateren tot eenen stroom, tintelend onder de stralen der ochtendzon. —
293 2405 1744 2456 Naarmate hij door de streken van Bohemen kronkelt, zwelt de snelle stroom en
291 2441 1748 2491 wordt Vitava (de Moldau) ; door dichte bosschen gollt hij, en langs zijne zoomen
295 2481 1748 2527 weerklinkt luid en luider het opwekkend getoet van den jachthoorn; door de lage
285 2518 1744 2571 landen schiet hij voort, langs weelderige weiden en heemden, waar bruiloft
285 2558 1740 2604 wordt gevierd hij zang en dans. Des nachts komen lustige woud- en waternim¬
285 2595 1738 2650 fen zich vermeien in den klaren-breeden plas, die glinstert in den maneschijr
291 2635 1744 2686 en de talrijke burchten weerspiegelt, getuigen van verleden pracht, ridderspel
285 2679 1744 2723 en krijgsroem. De polven koken en bruisen in de St-Janskolken, bulderen in de
285 2714 1744 2767 watervallen, en de wilde vloed breekt zich met geweld eenen weg tusschen de
289 2754 1748 2800 eeuwenoude rotswanden, om de wijde bedding te genaken, waarin hj, fier en
285 2785 1753 2844 statig, Praag begroet, stroomend voorbij het eerbiedwaardig slot Vysehrad, dat
285 2827 1640 2897 hem verwelkomt. Dan verdwijnt hij in de verte voor het oog des Dichters.
276 2868 734 2966 7. IIde Rhapsodie
1292 2877 1535 2966 FR. Liszt
1038 2963 1726 3067 Drukk. F. Janssens-Anthonis. — Antwerpen
