2056 3370
540 300 1563 426 Société Royale de Zoologie d'Anvers
344 406 562 490 Aufgenommen von...
1556 406 1702 496 verworben
1318 414 1405 523 №
1424 425 1526 500 №
505 490 1598 575 Jeudi 4 Mai 1905, à 8 heures du soir
351 598 1779 818 Concert de Symphonie
414 827 1678 931 PAR L’ORCHESTRE DE LA SOCIÉTÉ
481 928 1609 1052 sous la direction de M. EDWERD REURVELS
997 1050 1096 1157 86
807 1155 1283 1290 programme
944 1294 1169 1385 Iro PARTIE
313 1371 803 1468 I. Marche du sacre
1327 1385 1700 1480 EM. WAMBACH
309 1455 853 1530 2. Danse norvégienne
1323 1462 1631 1545 EDV. GRIEG
315 1530 1204 1609 3 L'Arlésienne (1re suite d'orchestre)
1323 1528 1715 1610 GEORufs Bi¬
465 1583 1195 1673 A) Prélude ; g) Minuetto ; c) Adagietto ;
531 1640 772 1706 D) Carillon :
304 1693 741 1795 4. Isa (ouverture)
1321 1696 1691 1781 PETER BENOIT
922 1759 1169 1868 2me PARTIE
296 1878 1219 1976 5. Der fliegende Holländer (ouverture)
1323 1854 1702 1969 RICH. WAGNER
306 1940 827 2035 6. Vltava (la Moldau)
1325 1949 1663 2037 FR. SMETANA
401 2026 1455 2086 2me Poème symphonique du Cycle Ma Patrie
381 2077 1766 2148 Deux sources jaillissent dans la forêt ombragée de Bohême : l’une est
300 2130 1757 2183 chaude et bouillonnante ; l’autre fraiche et tranquille. Leurs ondes, en mur
304 2176 1766 2223 murant joyeusement dans les rochers, se réunissent et brillent aux rayons du
306 2214 1771 2266 soleil matinal. Traversant les contrées de la Bohême, le rapideille grossit et
304 2255 1768 2304 devient le fleuve Vitava (la Moldau) ; il fuit à travers des forêts épaisses dans
304 2288 1768 2346 lesquelles on entend de plus en plus distinctement le joyeux passage d’une
304 2333 1762 2377 chasse et le son du cor ; il traversé des terres basses, riches prairies, où l’or
306 2374 1768 2416 célèbre gaiment une noce par des cbants et des danses. La nuit, les nymphes des
302 2408 1766 2463 forêts et des eaux s’ébattent dans les ondes qui étincellent au clair de lune et
304 2449 1762 2502 reflètent de nombreux châteaux-forts, témoins de la splendeur passée, de la
296 2480 1768 2533 chevalerie et de la gloire guerrière disparue. Le fleuve tourbillonne dans les
296 2531 1762 2575 rapides de Saint-Jean, bouillonne en cascades, et ses ondes écumantes se frayent
306 2566 1762 2610 violemment passage entre les parois du rocher, pour gagner le large lit dans
296 2602 1762 2652 lequel ils coulent,majestueux et tranquilles, devant Prague,au pied du vénérable
296 2639 791 2683 château-fort de Vysehrad.
381 2670 1770 2763 Puis, les flots disparaissent dans le lointain où le regard du Poète ne peut
296 2708 584 2785 plus les suivre.
295 2760 705 2840 7. IIe Rapsodie.
1323 2763 1565 2855 FR. Liszt
