2056 3370
506 392 1621 482 Société Royale de Zoologie d’Anvers
493 546 1606 659 Jeudi 11 Mai 1905, à 8 heures du soir
372 732 1779 935 Concert de Symphonie
429 951 1693 1049 PAR L'ORCHESTRE DE LA SOCIÉTÉ
493 1076 1625 1159 sous la direction de M. accavo KEURVELS
997 1167 1106 1279 &c.
813 1303 1294 1455 programme
946 1492 1185 1570 Ire PARTIE
320 1606 834 1711 I. Marche du Sacre
1332 1623 1735 1719 G. MEYERBEER
322 1700 1034 1785 2. Der Freyschütz (ouverture
1338 1698 1788 1788 C. M. VONWEBER
315 1768 604 1851 3. Ballade
1328 1772 1678 1860 ED. LAUBERT
315 1822 1224 1921 4. Milenka. (suite d’orchestre extraite du ballet)
1327 1847 1643 1943 JAN Blockx
469 1908 1286 1974 A) Kermesse ; B) Danse des sabots ; c) Entrée
436 1967 1290 2018 des étudiants; b) Scène d’amour ; E) Entrée
440 2006 894 2090 des Bohémiens et finale.
929 2112 1185 2193 2mo PARTIE
318 2215 778 2322 5. Saül (ouverture)
1325 2223 1612 2328 A. BAzzini
443 2309 1297 2392 (ouverture pour la tragédie d’Alfieri)
390 2363 1785 2434 L’auteur a voulu dépeindre le contraste entre les caractères de Saïl et de
313 2429 1788 2484 David ; le premier, plein d’orgueuil, de colère et de despotisme, le second fait de
320 2477 1785 2532 douceur et de générosité. — Le finale de l’œuvre représente la mort de Saül et
313 2528 1003 2596 l’irruption victorieuse des Philistins.
316 2576 640 2653 6. Sérénade
1325 2574 1663 2661 H. VAELPUT
469 2635 948 2716 Flûle-Solo : Hipp. VINCK.
309 2699 1156 2802 7. Marche nuptiale (de Lohengrin)
1317 2699 1717 2782 RICH. WAGNER
