2056 3370
363 310 1640 400 Koninklijke Maatschappij van Dierkunde
769 391 1251 475 van Antwerpen
356 535 1618 623 Donderdag 1 Juni 1905, te 8 uren ’s avonds
278 663 1742 869 Symfonisch Concert
290 900 1706 1014 DOOR HET ORKEST DER MAATSCHAPPIJ
431 999 1571 1088 onder de leiding van M. ED kan Deurvels
951 1121 1054 1220 etc.
749 1238 1218 1362 programma
924 1382 1105 1454 le DEEL
1282 1461 1742 1541 C. M. VONWEBER
270 1457 745 1558 I. Jubel-Ouvertüre
1291 1527 1594 1622 JAN Blockx
276 1534 740 1616 2. Herbergprinses.
477 1583 1116 1671 (inleiding tot het 2de bedrijf
1277 1640 1691 1722 ANT CHOUDENS
292 1651 762 1728 3. Nacht te Venetië
1286 1711 1594 1790 CH. GOUNOD
349 1709 813 1771 Philemon en Baucis
486 1761 1145 1835 (orkestsuite uit het zangspel)
394 1810 1720 1901 A) Herderslied; s) Ontwaking; c) Melodrema; b) Bacchantendans.
922 1897 1099 1991 2e DEEL
1286 1956 1633 2075 FR. SMETANA
356 1983 1087 2073 Vysehrad (symfonisch gedicht)
384 2047 1242 2117 Nr I uit den Cyclus «Mijn Vaderland»
314 2095 1737 2166 Bij den aanblik der roemvolle vesting Vysehrad wordt de Dichter herinnerd
270 2155 1733 2206 aan Lumir’s Varytozangen uit het verre verleden. Voor zijn oogen verheft zich
279 2195 1724 2246 Vysehrad in al haren gewezen glans, bekroond met de goudgesmukte heilig
281 2232 1731 2296 dommen en de trotsche, van krijgsroem vervulde burchten der Premysliden¬
248 2272 670 2332 vorsten en koningen
321 2294 1739 2360 Op de voorhoven en pleinen stroomt de dappere ridderschap, onder het
279 2347 1733 2407 opwekkend geluid van cimbalen en trompetten, te zamen voor ’t feestelijk
276 2392 1735 2434 steekspel. Ompantserd met hunne rijke wapenrustingen, schitterend in den
272 2429 1731 2473 zonneglans, rangschikken zich daar de krijgersscharen ten zegenrijken kamp.
279 2467 1744 2520 Vysehrad dreunt van heerlijke lofzangen en van het gejuich en gejubel der
272 2506 756 2562 strijdlustige ridderschap.
336 2531 1731 2590 Verdiept in de beschouwing van den alouden roem der koninklijke vesting,
272 2577 1740 2622 herdenkt de Dichter tevens haren ondergang.De ontketende hartstochten halen
276 2615 1744 2663 in eenen verbitterden kamp de hooge torens neder, verwoesten de glorievolle
281 2654 1733 2708 heiligdommen en trotsche vorstenhallen. De verhevene gezangen en de jubel¬
279 2692 1350 2745 kreten hebben p’aats gemaakt voor wilde krijgstooneelen.
321 2717 1735 2785 De schrikkelijke storm heeft uitgewoed : Vysehrad is een stom verlaten
281 2772 1733 2820 gedenksteen geworden van verleden heerlijkheid; uit zijne puinen weerklinkt
279 2811 1735 2880 treurig nog de nagalm der sedert lang verstompde hymnen van den zangersvorst
278 2854 433 2907 Lumir.
1282 2876 1485 2957 J. RAFF
279 2895 606 2968 6. Cavatina
285 2931 1658 3017 7. Charlotte Corday (landingstuk)... PETER BENOIT
1043 3011 1717 3121 Drukk. F. Janssens-Anthonis. — Antwerpen
