2056 3370
497 249 1609 343 Société Royale de Zoologie d’Anvers
511 412 1618 495 Jeudi 1 Juin 1905, à 8 heures du soir
363 535 1765 729 Concert de Symphonie
429 781 1697 898 PAR L'ORCHESTRE DE LA SOCIÉTÉ
497 872 1624 975 sous la direction de M. EDWERD REURVELS
1004 975 1112 1081 R
825 1109 1296 1231 programme
957 1237 1191 1341 1re PARTIE
330 1336 841 1426 1. Jubel-Ouvertüre
1332 1354 1800 1437 C. M. VONWEBER
317 1411 902 1484 2. Princesse d'Auberge.
1340 1417 1649 1503 JAN Blockx
528 1477 1090 1563 (introduction du 2e acte)
319 1519 768 1607 3. Nuit à Venise
1330 1525 1732 1616 ANT. CHOUDENS
399 1598 878 1671 Philémon et Baucis
1336 1596 1655 1675 CH. GOUNOD
533 1647 1197 1726 (suite d’orchestre de l’opéra)
440 1701 1638 1787 A) Pastorale ; B) Réveil ; c) Mélodname ; b) Danse des bacchantes
955 1805 1189 1873 2me PARTIE
324 1889 1162 1979 5. Vysehrad (poème symphonique)
1321 1895 1677 1996 FR. SMETANA
476 1964 1147 2021 N° 1. du Cycle « Ma Patrie »
368 2005 1800 2073 A l’aspect de la célèbre forteresse Vysehrad, le Poète entend chanter en
334 2062 1794 2113 sa mémoire les odes que humir, l’Orphée du peuple tchèque, composa en un
334 2111 1794 2155 passé lointain. A ses yeux, Vysehrad se dresse dans toute sa splendeur d'antan,
334 2146 1794 2192 avec ses sanctuaires drapés d’or, ses bourgs altiers ou éclatait la pompe des
335 2183 678 2237 princes et des rois.
366 2219 1798 2265 Au son joyeux des cymbales et des trompettes, les chevaliers valeureux
330 2247 1794 2309 s’assemblent sur les esplanades et s’apprêtent au tournoi. Les combattants se
326 2298 1800 2360 rangent, revêtus de leurs armures, étincelant au soleil, et Vysehrad, qu’emplit
326 2336 1721 2382 la rumeur bruyante des chevaliers, résonne de cris et de chants d'alléresse.
376 2360 1800 2424 Plongé dans sa méditation sur la gloire passée du vénérable bourg royal, le
339 2415 1798 2470 poète s’en rappelle aussi la déchéance. Les passion déchaînées et les luttes
334 2461 1794 2494 acharnées ont abattu sous leurs rafales les tourelles altières, dévasté les sanc¬
334 2494 1798 2542 tuaires glorieux et les majestueuses halles princières. Les hymnes et les
334 2533 1499 2576 chants d’allégresse ont fait place à de sauvages scènes de guerre
368 2573 1796 2619 L’ouragan, lassé, s’est apaisé : Vysehrad n’ést plus qu’une ruine morne,
326 2611 1800 2659 abandonnée, attestant la gloire du passé ; seuls y pleurent encore, vagues et en
335 2646 1803 2723 un écho douloureux, les hymnes, depuis longtemps éteints, de Lumir, le roi des
334 2685 544 2743 chanteurs.
1345 2723 1556 2804 J. RAFF
335 2723 651 2809 6.-Cavatina.
1318 2785 1721 2875 PETER BENOIT
321 2785 1180 2881 7. Charlotte Corday (ouverture).
326 2970 412 3047 re
