2056 3370
341 399 1610 485 Koninklijke Maatschappij van Dierkunde
742 481 1218 572 van Antwerpen
321 635 1608 717 Donderdag 22 Juni 1905, te 8 uren ’s avonds
249 751 1105 958 Symfonisch
1183 802 1702 944 Concert
280 987 1675 1080 DOOR HET ORKEST DER MAATSCHAPPIJ
410 1082 1539 1162 onder de leiding van M. EDMARD REURVELS
904 1178 1018 1289 86
724 1296 1194 1425 programma
895 1439 1069 1526 1° DEEL
1285 1516 1684 1619 ED. NAPRAVNIK
247 1516 826 1612 I. Vlasta (opingstuk)
1281 1604 1615 1675 PAUL GILSON
243 1588 1207 1663 2. Fantazie op Canadaesche volkswijzen
249 1664 733 1741 3 Janie (voorspel).
1289 1663 1686 1741 E. J. DALCROZE
249 1728 882 1810 4. Les Dragon de Villars
1281 1732 1606 1811 A. MAILLART
448 1791 1178 1877 (bloemlezing door Joz. Dupont)
900 1893 1067 1980 2e DEEL
1281 1960 1655 2067 G. MEYERBEER
254 1966 699 2053 5. Schillermarsch
318 2035 1091 2111 Sárka (3de symfonisch gedicht uit
1270 2084 1610 2163 FR. SMETANA
446 2105 1107 2171 den cyclus Mijn Vaderland)
327 2153 1695 2207 Sárka, de voornaamste der Boheemsche amazonen, haat, wegens liefdever
249 2203 1702 2260 raad, geheel het mannelijk geslacht, tegen hetwelk de amazonen eenen oorlog
256 2245 701 2291 voeren op leven of dood
332 2265 1702 2329 De ridder Citirad trekt tegen haar op, en wijd en zijd verneemt men den tocht
252 2329 1697 2378 zijner lustige metgezellen. Eensklaps weerklinkt door het bosch een hartver
249 2356 1708 2409 scheurende noookreet ; dezes spoor volgend, vindt Citrad een meisje, gebonden
256 2399 1710 2445 aan eenen boom. Het is Sárka, die verklaart aldus behandeld te zijn door hare
258 2441 1702 2485 wraakgierige gezellinnen. Ctirad door haren aanblik verbind, kan zijne oogen
256 2477 1706 2523 van haar niet afwenden ; immer machtiger spreekt in hem het verlangen naar
249 2521 1702 2561 de betooverende vrouw, tot hij eindelijk, gehoor gevende aan zijn gevoel, Sárka
258 2554 419 2614 bevrijdt.
339 2592 1704 2641 De gansche ridderschaar slaat aldaar het leger op, en vermaakt er zich naar
249 2628 1699 2675 hartelust. Bij vroolijk gezang en een rijkelijk genot der mee, vergeten de krij
252 2666 1699 2726 gers weldra elk gevaar ; kommerloos sijten zij den tijd met zingen en drinken
256 2712 1706 2752 tot laat in den nacht. Slempensmoede valt de eene na de andere in diepen
249 2750 1708 2793 slaap. — Dan geeft Sárka een sein op haren hoorn, hare gezellinnen antwoorden
258 2784 1708 2830 uit het bosch, snellen nabij, storten op de geiste mannen en vermoorden ze
249 2828 902 2895 allen. Hunne wraaklust is gekoeld.
1285 2857 1583 2942 F. HAENDEL
261 2868 477 2937 7. Largo
1285 2917 1661 3011 RICH. WAGNER
249 2915 875 3020 8. Tannhäuser-Ouvertüre
1025 3062 1655 3135 Drukk. F. Janssons-Anthonis, Antwerpen
