2056 3370
539 388 1648 463 Société Royale de Zoologie d’Anvers
525 536 1661 620 Jeudi 22 Juin 1905, à 8 heures du soir
380 669 1807 865 Concert de Symphonie
461 920 1721 1030 PAR L’ORCHESTRE DE LA SOCIÉTÉ
525 1035 1651 1136 sous la direction de M. EDWARD REURVELS
1035 1137 1143 1255 &c.
861 1275 1328 1395 programme
988 1414 1231 1501 Ire PARTIE
1404 1507 1801 1593 ED. NAPRAVNIK
362 1509 872 1600 I. Vlasta (ouverture)
1404 1580 1741 1653 PAUL GILSON
360 1580 1364 1651 2. Fantaisie sur des mél odies canadiennes
1404 1637 1792 1712 E. J. DALCROŒE
366 1640 794 1719 3. Janie (prélude)
1401 1695 1728 1778 A. MAILLART
362 1703 988 1776 4. Les Dragon de Villars
554 1767 1302 1845 (transcription par Jos: Dupont)
984 1843 1218 1913 2mo PARTIE
1401 1920 1778 2024 G. MEYERBEER
362 1933 810 2019 5. Schillermarsch
371 1993 1156 2085 6. Sárka (3e poème symphonique
1377 2021 1723 2123 FR. SMETANA
560 2057 1039 2134 du cycle Ma Patrie)
443 2112 1829 2169 Sárka est la principale des amazones bohémiennes. Depuis qu’elle a été trahie
371 2156 1825 2215 dans son amour, elle a voué aux hommes une haine implacable, et les amazones,
362 2194 1522 2240 ses suivantes, leur ont déclaré une guerre sans trève ni merci.
441 2235 1829 2290 Le chevalier Ctirad s’est mis en campagne contre elles, et de toutes parts
369 2280 1276 2337 résonne la chevauchée de ses joyeux compagnons
441 2304 1823 2363 Soudain un cri d’angoisse, déchirant, retentit dans la forêt; guide par lui,
369 2348 1818 2403 Ctiard trouve une jeune fille liée à un arbre. C’est Sárka. Elle raconte que se
369 2394 1825 2447 compagnes l’ont malmenée ainsi pour se venger d’elle. Citirad ne sait détourner
371 2427 1825 2474 de la jeune fille ses régards éblouis; de plus en plus impérieusement le dési
375 2471 1836 2529 parle en lui. Enfin, n’écoutant plus que sa pitié et sa passion soudaine, il délivre
369 2518 505 2568 Sárka.
443 2524 1821 2600 La troupe entière dresse lestentes et s’adonne aux réjouissances. Au son des
369 2582 1827 2646 chants joyeux, les guerriers vident de larges et nombreuses coupes d’hydromel
369 2628 1827 2675 et, oublieux de tout danger, festoient jusque bien avant dans la nuit. La fatigue
369 2670 1756 2725 met fin à l’orgie ; l'un après l'autre, les chevaliers succombent au sommeil.
446 2692 1821 2750 Alors Sárha sonne du cor ; ses compagnes, répondant au signal, accourent
366 2736 1832 2824 s’élancent sur les hommes endormis et les experiment tous. Leur désir de
371 2787 790 2853 vengeance est assouvi.
1414 2807 1715 2889 F. HAENDEL
366 2833 594 2908 7. Largo
1410 2871 1794 2955 RICH. WAGNER
366 2882 997 2977 8. Tannhäuser-Ouvertüre
