2056 3370
375 480 1645 570 Koninklijke Maatschappij van Dierkunde
768 570 1257 649 van Antwerpen
399 720 1600 788 Zondag 25 Juni 1905, te 8 uren ’s avonds
285 859 1732 1077 Symionisch Concert
303 1075 1717 1162 DÖOR HET ORKEST DER MAATSCHAPPIJ
435 1178 1573 1250 onder de leiding van M. ED kan DeurveLS
954 1255 1062 1373 R
758 1378 1227 1522 programma
925 1542 1108 1618 1e DEEL
276 1618 1109 1696 I. Les Mausquetaires de la Reine
1291 1622 1562 1732 J. HALÉVY
489 1692 812 1777 (opingstuk)
285 1753 1133 1829 2. Zambra morisca (Moorsch feest)
1297 1746 1701 1838 J. M. BENAIGES
292 1820 924 1890 3. Le dieu et le bayadère
1297 1829 1595 1905 FR. AUBER.
480 1892 1210 1971 (bloemlezing door K. Hanssen)
281 1948 667 2026 4. Zegemarsch
1293 1935 1744 2031 Joz. HUYBRECHTS
925 2040 1111 2123 2e DEEL
290 2139 1254 2226 5. Der fliegende Holländer (opingstuk).
1291 2134 1672 2231 RICH. WAGNER
281 2217 1075 2289 6. Milenka (orkestsuite uit het dansspel)
1297 2220 1627 2329 JAN. Blockx
366 2280 1243 2332 A) Kermis ; B) Holleblokkendans ; c) Intocht der
363 2329 1174 2397 Studenten; n) Liefdetooneel ; E) Intocht der
363 2372 705 2439 Zigeuners en Slot.
280 2426 624 2505 7. Ave Maria
1297 2422 1616 2504 CH. GOUNOD
489 2484 1484 2561 (meditatie op een voorspel van J. S. Bach)
278 2536 803 2641 8. Wiener Blut (wals)
1282 2552 1607 2639 JOH. STRAUS
290 2686 1735 2734 Woensdag 28 Juni, te 8 1/2 uren ’s avonds : Voordracht met lichtbeelden, inge¬
325 2731 1739 2781 richt onder het beleid van den Antwerpschen Kring voor Photographische en
335 2780 1732 2846 Wetenschappelijke Studién. Onderwerp : „ Belgische geschiedkundige taferee-
326 2828 1209 2897 len", door den Heer Leo Van Nect, van Brussel.
1043 2983 1717 3086 Drukk. F: Janssens Anthonis. — Antwerpen
