2056 3370
476 296 1577 379 Société Royale de Zoologie d’Anvers
401 479 1646 574 Dimanche 25 Juin 1905, à 8 heures du soir
330 610 1744 826 Concert de Symphonie
392 844 1657 935 PAR L’ORCHESTRE DE LA SOCIÉTÉ
457 955 1586 1055 sous la direction de M. EDWERD REURVELS
975 1065 1078 1171 R.
808 1200 1263 1338 programme
927 1352 1156 1437 1re PARTIE
298 1448 1109 1539 I. Les Mousquetaires de la Reine
1316 1443 1588 1550 J. HALÉVY
499 1517 773 1592 (ouverture)
309 1579 1162 1652 2. Zambra morisca (fête mauresque)
1321 1577 1715 1655 J. M. BENAIGES
316 1653 909 1733 3. Le dieu et le bayadère
1321 1650 1594 1732 FR. AUBER
506 1719 1176 1795 (sélection par Ch. Hanssens)
303 1770 835 1882 4. Marche triomphale
1318 1764 1779 1860 JOS. HUYBRECHTS
929 1871 1171 1958 2me PARTIE
1323 1958 1712 2064 RICH. WAGNER
318 1967 1227 2064 5. Der fliegende Holländer (ouverture).
316 2047 1218 2105 6. Milenka (suite d'orchestre extraite du ballet)
1325 2040 1634 2153 JAN Blockx
392 2109 1294 2169 A) Kermesse ; B) Danse des sabots ; c) Entrée des
396 2154 1292 2216 étudiants ; b) Scène d’amour ; E) Entrée des
387 2202 786 2269 Bohémiens et Finale.
1327 2247 1648 2341 CH. GOUNOD
316 2260 759 2340 7. Ave Maria.
521 2318 1472 2425 (méditation sur un prélude de J. S. Bach)
1330 2379 1692 2472 JOH. STRAUSS.
316 2389 837 2479 8. Wiener Blut (valse)
318 2510 1777 2568 Mercredi 28 juin, à 8 1/2 heures du soir: Conférence avec projections lumineuses
345 2556 1777 2612 organisée sous les &uspices du Cercle d'Etudes Photographiques et scientifiques
354 2606 1779 2673 d'Anvers. Sujet : « Les fastes belges illustrés », par M. Léon Van Nect, de
358 2663 548 2735 Bruxelles.
