2056 3370
414 378 1523 459 Société Royale de Zoologie d’Anvers
298 564 1606 666 Dimanche 16 Juillet 1905, à 8 heures du soir
267 742 1670 986 Concert de Symphonie
314 1009 1595 1116 PAR L’ORCHESTRE DE LA SOCIÉTÉ
385 1153 1517 1232 sous la direction de M. EDWERD REURVELS
895 1281 1006 1392 &C
719 1428 1185 1566 programme
837 1597 1078 1670 1re PARTIE
211 1683 782 1782 I. Preciosa (ouverture)
1225 1702 1686 1795 C. M. VONWEBER
209 1768 699 1855 2. Magyar-Czardas
1227 1784 1557 1866 G. MICHIELS
207 1844 742 1920 3. Hänsel und Gretel
1221 1859 1681 1955 E. HUMPERDINCK
410 1913 1147 2018 (transcription par Oscar Fried)
211 1989 690 2073 4. Marche nuptiale
1220 2009 1557 2102 EUG. HUTOY
822 2113 1089 2202 2me PARTIE
134 2180 414 2307 5. Saül.
1209 2245 1499 2340 A. BAzzini
354 2307 1200 2394 (ouverture pour la tragédie d’Alfieri)
283 2396 1672 2470 L’auteur a voulu dépeindre le contraste entre les caractères du Satil et de
211 2448 1666 2517 David ; le premier, plein a’orgeuil, de colère et de despotisme, le second, fait de
212 2492 1670 2559 douceur et de générosité. — Le finale de l’œuvre représente la mort de Saül et
207 2523 895 2606 l’irruption victorieuse des Philistins.
207 2590 853 2683 6. Le Cid (ballet de l’opéra)
1198 2595 1525 2706 J. MASSENET
327 2664 1133 2752 A) Castillane ; B) Andalouse ; c) Aragonaise ;
285 2726 1254 2802 p) Aubade ; E) Catalane ; F) Madrilène ; G) Navarraise
211 2784 586 2862 7. Invocation
1216 2788 1534 2888 TH. RITTER
209 2848 760 2944 8. La Housarde (valse)
1211 2871 1472 2971 L. GANNE
993 3020 1608 3098 Imp. F. Janssens-Anthonis. — Anvers.
