2056 3370
358 407 1734 537 Fêtes du 75me, Anniversaire de l'Indépendance Nationale,
316 566 1458 641 VENDREDI 21 JUILLET, à 3 1/2 heures de l'après-midi :
434 630 1792 694 Concert par la Musique de la Société Fraternelle Flamande des employés
471 694 916 772 des Douanes et Accises.
790 756 1239 845 à 8 heures du soir :
429 819 1482 914 Concert par l’Orchestre de Symphonie de la Société.
1528 823 1783 920 Mumination
464 898 692 984 du Jardin.
318 967 1469 1055 SAMEDI 22 JUILLET, à 3 1/2 heures de l'après-midi
436 1033 1785 1115 Concert par la Société Royale d’Harmonie » Apollon » de Berchem-Anvers.
318 1111 1310 1199 DIMANCHE 23 JUILLET, à 3 1/2 heures du soir :
434 1181 790 1259 Concert militaire.
798 1226 1234 1330 à 8 heures du soir :
434 1292 1449 1376 Concert par l’Orchestre de Symphonie de la Société.
807 1383 1475 1475 à 3 1/2 heures de l'après-midi :
308 1391 708 1469 LUNDI 24 JUILLET,
436 1453 1458 1528 Concert par la Société « De Broederband » d’Anvers
801 1524 1243 1606 à 8 heures du soir :
436 1597 1778 1684 Concert Extraordinaire par la Fanfare de l'bringingan Petroleum Company
473 1666 1785 1750 et avec le concours de la Société de Chant Les Disciples de Grisar.
529 1732 1002 1814 Illumination du Jardin.
321 1799 1785 1860 Cette fête remplacera le Concert militaire du Mardi 25 Juillet, qui n’aura pas lieu.
316 1872 714 1949 MARDI 25 JUILLET,
798 1867 1475 1958 à 3 1/2 heures de l'après-midi :
443 1927 845 2002 Concert d’Harmonie.
312 1986 1475 2068 MERCREDI 26 JUILLET, à 3 1/2 heures de l’après-midi :
434 2075 792 2161 Concert militaire.
798 2137 1482 2232 à 3 1/2 heures de l'après-midi :
316 2139 697 2230 JEUDI 27 JUILLET,
433 2216 798 2303 Concert militaire.
798 2276 1248 2362 à 8 heures du soir :
429 2347 1418 2433 Concert de Symphonie. — Inumination du Jardin.
316 2424 726 2513 SAMEDI 29 JUILLET
798 2409 1482 2518 à 3 1/2 heures de l'après-midi :
440 2500 787 2581 Concert militaire.
312 2568 1478 2659 DIMANCHE 30 JUILLET, à 3 1/2 heures de l’après-midi :
434 2643 794 2723 Concert militaire.
805 2697 1252 2787 à 8 heures du soir :
431 2789 1484 2878 Concert de Symphonie par l’Orchestre de la Société.
