<?xml version="1.0" encoding="UTF-8" standalone="yes"?>
<PcGts xmlns="http://schema.primaresearch.org/PAGE/gts/pagecontent/2013-07-15" xmlns:xsi="http://www.w3.org/2001/XMLSchema-instance" xsi:schemaLocation="http://schema.primaresearch.org/PAGE/gts/pagecontent/2013-07-15 http://schema.primaresearch.org/PAGE/gts/pagecontent/2013-07-15/pagecontent.xsd">
    <Metadata>
        <Creator>prov=READ-COOP:name=TrHtr:version=2.18.1:model_id=51170:date=16_10_2024_03:44</Creator>
        <Created>2024-10-15T15:44:35.852+02:00</Created>
        <LastChange>2024-10-16T03:44:51.342+02:00</LastChange>
        <TranskribusMetadata docId="4642292" pageId="80335381" pageNr="120" tsid="193990019" status="IN_PROGRESS" userId="131016" imgUrl="https://files.transkribus.eu/Get?id=KWEXXSNBCIASDMUZQERGXMPE&amp;fileType=view" xmlUrl="https://files.transkribus.eu/Get?id=XBCXUALQMXVULJNAUPHLWYGR" imageId="65796544"/>
    </Metadata>
    <Page imageFilename="0120_kca-srdda-cpr1905-030901108875-tx-00120.jpg" imageWidth="2056" imageHeight="3370">
        <ReadingOrder>
            <OrderedGroup id="ro_1757315706507" caption="Regions reading order">
                <RegionRefIndexed index="0" regionRef="tr_1"/>
            </OrderedGroup>
        </ReadingOrder>
        <TextRegion orientation="0.0" id="tr_1" custom="readingOrder {index:0;}">
            <Coords points="295,431 295,2972 1782,2972 1782,431"/>
            <TextLine id="tr_1_tl_1" custom="readingOrder {index:0;}">
                <Coords points="322,495 1779,487 1777,411 1737,400 1413,433 1304,384 993,420 320,402"/>
                <Baseline points="331,465 403,467 476,470 548,468 621,470 693,471 766,466 838,468 911,468 983,466 1056,468 1129,468 1201,469 1274,471 1346,469 1419,471 1491,471 1564,468 1636,468 1709,471 1782,471"/>
                <TextEquiv>
                    <Unicode>Feesten van de 75e Verjaring der Belgische Onafhankelijkheid..</Unicode>
                </TextEquiv>
            </TextLine>
            <TextLine id="tr_1_tl_2" custom="readingOrder {index:1;}">
                <Coords points="784,593 835,600 857,578 904,607 969,587 1026,611 1082,582 1262,606 1388,586 1388,537 1317,557 1235,531 1164,557 1128,537 784,555"/>
                <Baseline points="793,576 823,576 853,576 883,576 913,576 943,577 973,579 1003,577 1033,576 1063,576 1093,576 1123,577 1153,579 1183,579 1213,579 1243,579 1273,579 1303,579 1333,579 1363,579 1393,576"/>
                <TextEquiv>
                    <Unicode>te 3 1/2 uren ’s namiddags :</Unicode>
                </TextEquiv>
            </TextLine>
            <TextLine id="tr_1_tl_3" custom="readingOrder {index:2;}">
                <Coords points="315,589 416,587 469,602 511,586 555,600 569,589 637,618 686,617 684,542 542,538 513,557 458,533 413,547 342,527 313,538"/>
                <Baseline points="322,570 348,573 374,576 400,578 426,579 453,579 479,579 505,579 531,579 557,580 584,582 610,582 636,582 662,582 689,582"/>
                <TextEquiv>
                    <Unicode>VRIJDAG 21 jULI,</Unicode>
                </TextEquiv>
            </TextLine>
            <TextLine id="tr_1_tl_4" custom="readingOrder {index:3;}">
                <Coords points="427,655 1777,667 1777,617 1513,593 1453,624 427,611"/>
                <Baseline points="438,641 505,644 572,644 639,644 706,644 774,641 841,644 908,642 975,641 1042,642 1110,641 1177,644 1244,644 1311,644 1378,644 1446,646 1513,647 1580,646 1647,644 1714,644 1782,644"/>
                <TextEquiv>
                    <Unicode>Concert door de “ Verbroedering der Vlaamsche Tol- en Accijnsbeambten.</Unicode>
                </TextEquiv>
            </TextLine>
            <TextLine id="tr_1_tl_5" custom="readingOrder {index:4;}">
                <Coords points="789,722 848,733 898,711 942,733 1013,717 1084,738 1128,720 1197,737 1246,720 1246,687 1166,673 1044,686 1008,666 900,686 860,667 789,686"/>
                <Baseline points="799,707 824,709 849,710 874,710 899,710 924,710 949,709 974,707 999,708 1024,710 1049,710 1074,710 1099,710 1124,710 1149,710 1174,710 1199,710 1224,710 1250,710"/>
                <TextEquiv>
                    <Unicode>te 8 uren ’s avonds</Unicode>
                </TextEquiv>
            </TextLine>
            <TextLine id="tr_1_tl_6" custom="readingOrder {index:5;}">
                <Coords points="426,804 1779,800 1779,746 1695,731 426,746"/>
                <Baseline points="435,773 502,778 569,776 637,776 704,776 771,776 839,776 906,778 973,776 1041,776 1108,776 1175,779 1243,779 1310,779 1377,779 1445,779 1512,782 1579,779 1647,779 1714,779 1782,776"/>
                <TextEquiv>
                    <Unicode>Concert door het Symfonisch Orkest der Maatschappij. — Verlichting</Unicode>
                </TextEquiv>
            </TextLine>
            <TextLine id="tr_1_tl_7" custom="readingOrder {index:6;}">
                <Coords points="464,862 553,851 649,869 691,855 744,857 744,815 718,817 702,804 684,811 671,802 642,817 577,804 551,820 531,808 493,818 464,811"/>
                <Baseline points="474,841 501,843 528,844 555,844 582,844 610,844 637,844 664,844 691,844 718,844 746,844"/>
                <TextEquiv>
                    <Unicode>van den Tuin.</Unicode>
                </TextEquiv>
            </TextLine>
            <TextLine id="tr_1_tl_8" custom="readingOrder {index:7;}">
                <Coords points="833,938 898,922 935,944 1006,926 1184,948 1288,929 1379,951 1433,931 1433,877 1350,895 1311,862 1199,860 1117,893 1055,871 1006,895 886,897 831,871"/>
                <Baseline points="841,913 870,917 900,919 930,919 960,919 990,919 1020,919 1049,919 1079,920 1109,922 1139,922 1169,922 1199,922 1229,922 1258,922 1288,922 1318,922 1348,922 1378,922 1408,922 1438,925"/>
                <TextEquiv>
                    <Unicode>te 3 1/2 uren ’s namiddags:</Unicode>
                </TextEquiv>
            </TextLine>
            <TextLine id="tr_1_tl_9" custom="readingOrder {index:8;}">
                <Coords points="309,937 717,940 715,873 649,889 600,868 473,882 393,862 307,880"/>
                <Baseline points="319,919 344,921 369,922 394,922 419,922 444,922 469,922 494,922 519,922 544,922 569,922 594,922 619,922 644,922 669,922 694,922 719,922"/>
                <TextEquiv>
                    <Unicode>ZATERDAG, 22 IULI,</Unicode>
                </TextEquiv>
            </TextLine>
            <TextLine id="tr_1_tl_10" custom="readingOrder {index:9;}">
                <Coords points="422,989 1777,1002 1777,948 1615,931 422,940"/>
                <Baseline points="432,976 499,979 567,979 634,979 702,979 769,979 837,979 904,979 972,979 1039,979 1107,979 1174,979 1242,979 1309,979 1377,979 1444,981 1512,982 1579,979 1647,979 1714,978 1782,979"/>
                <TextEquiv>
                    <Unicode>Concert door de Koninklijke Harmonie-Maatschappij « Apollo » van</Unicode>
                </TextEquiv>
            </TextLine>
            <TextLine id="tr_1_tl_11" custom="readingOrder {index:10;}">
                <Coords points="458,1073 533,1055 577,1068 618,1057 653,1075 713,1053 826,1077 875,1060 875,1009 751,1018 686,997 622,1020 578,1006 500,1013 478,995 458,1004"/>
                <Baseline points="468,1041 493,1043 519,1044 544,1046 570,1047 595,1047 621,1047 646,1047 672,1047 698,1047 723,1047 749,1046 774,1045 800,1045 825,1047 851,1047 877,1047"/>
                <TextEquiv>
                    <Unicode>Berchem-Antwerpen.</Unicode>
                </TextEquiv>
            </TextLine>
            <TextLine id="tr_1_tl_12" custom="readingOrder {index:11;}">
                <Coords points="296,1113 338,1131 438,1137 458,1124 517,1144 551,1120 600,1140 700,1117 700,1093 667,1080 657,1091 624,1068 471,1066 436,1079 296,1068"/>
                <Baseline points="307,1113 333,1113 359,1113 386,1113 412,1113 439,1113 465,1113 492,1113 518,1113 545,1113 571,1113 598,1113 624,1113 651,1113 677,1111 704,1107"/>
                <TextEquiv>
                    <Unicode>ZONDAG 23 IULI,</Unicode>
                </TextEquiv>
            </TextLine>
            <TextLine id="tr_1_tl_13" custom="readingOrder {index:12;}">
                <Coords points="751,1137 866,1119 991,1149 1191,1126 1362,1144 1362,1091 1293,1071 993,1091 969,1069 751,1077"/>
                <Baseline points="761,1110 791,1112 821,1113 851,1113 882,1113 912,1113 942,1113 973,1113 1003,1113 1033,1113 1064,1113 1094,1114 1124,1116 1154,1114 1185,1113 1215,1113 1245,1115 1276,1114 1306,1114 1336,1116 1367,1116"/>
                <TextEquiv>
                    <Unicode>te 3 1/2 uren ’s namiddags :</Unicode>
                </TextEquiv>
            </TextLine>
            <TextLine id="tr_1_tl_14" custom="readingOrder {index:13;}">
                <Coords points="422,1208 469,1217 597,1200 720,1219 762,1208 762,1140 707,1140 666,1159 553,1128 513,1146 451,1131 422,1151"/>
                <Baseline points="432,1179 457,1181 483,1182 509,1180 535,1179 560,1179 586,1179 612,1179 638,1181 663,1182 689,1182 715,1181 741,1179 767,1179"/>
                <TextEquiv>
                    <Unicode>Militair Concert :</Unicode>
                </TextEquiv>
            </TextLine>
            <TextLine id="tr_1_tl_15" custom="readingOrder {index:14;}">
                <Coords points="711,1253 788,1271 824,1251 900,1277 962,1259 1173,1259 1173,1208 1120,1195 995,1229 948,1208 880,1222 757,1202 711,1224"/>
                <Baseline points="722,1244 747,1246 772,1247 797,1247 822,1247 848,1247 873,1247 898,1247 923,1247 949,1247 974,1247 999,1247 1024,1247 1049,1247 1075,1247 1100,1247 1125,1247 1150,1247 1176,1247"/>
                <TextEquiv>
                    <Unicode>te 8 uren ’s avonds :</Unicode>
                </TextEquiv>
            </TextLine>
            <TextLine id="tr_1_tl_16" custom="readingOrder {index:15;}">
                <Coords points="422,1328 1499,1339 1473,1271 422,1266"/>
                <Baseline points="432,1310 485,1316 538,1315 592,1315 645,1316 699,1316 752,1316 806,1316 859,1314 913,1315 966,1313 1019,1314 1073,1315 1126,1315 1180,1316 1233,1319 1287,1319 1340,1318 1394,1314 1447,1315 1501,1319"/>
                <TextEquiv>
                    <Unicode>Concert door het Symfonisch Orkest der Maatschappij.</Unicode>
                </TextEquiv>
            </TextLine>
            <TextLine id="tr_1_tl_17" custom="readingOrder {index:16;}">
                <Coords points="306,1400 1362,1415 1330,1351 820,1344 715,1377 660,1337 306,1346"/>
                <Baseline points="316,1393 368,1390 421,1387 473,1393 526,1390 578,1390 631,1390 683,1390 736,1390 788,1390 841,1390 894,1390 946,1390 999,1390 1051,1390 1104,1390 1156,1390 1209,1390 1261,1390 1314,1390 1367,1387"/>
                <TextEquiv>
                    <Unicode>MAANDAG 24 IULI, te 3 1/2 uren ’s namiddags :</Unicode>
                </TextEquiv>
            </TextLine>
            <TextLine id="tr_1_tl_18" custom="readingOrder {index:17;}">
                <Coords points="427,1482 1717,1484 1717,1410 427,1408"/>
                <Baseline points="438,1459 502,1459 566,1459 630,1458 694,1458 759,1459 823,1459 887,1459 951,1459 1015,1459 1080,1460 1144,1460 1208,1459 1272,1459 1336,1459 1401,1458 1465,1462 1529,1462 1593,1462 1657,1462 1722,1462"/>
                <TextEquiv>
                    <Unicode>Concert door de Maatschappij « De Broederband» van Antwerpen.</Unicode>
                </TextEquiv>
            </TextLine>
            <TextLine id="tr_1_tl_19" custom="readingOrder {index:18;}">
                <Coords points="711,1546 755,1555 817,1535 884,1560 931,1526 982,1550 1039,1533 1077,1551 1164,1542 1164,1490 1062,1499 1035,1482 978,1497 922,1477 875,1504 802,1480 777,1504 711,1493"/>
                <Baseline points="722,1522 748,1524 774,1525 800,1525 826,1525 852,1525 879,1525 905,1525 931,1525 957,1525 983,1525 1009,1526 1036,1528 1062,1526 1088,1526 1114,1527 1140,1528 1167,1528"/>
                <TextEquiv>
                    <Unicode>te 8 uren's avonds :</Unicode>
                </TextEquiv>
            </TextLine>
            <TextLine id="tr_1_tl_20" custom="readingOrder {index:19;}">
                <Coords points="409,1611 1762,1613 1730,1551 1440,1530 1359,1575 409,1573"/>
                <Baseline points="420,1590 487,1594 554,1593 622,1593 689,1593 756,1593 824,1593 891,1594 958,1593 1026,1593 1093,1596 1160,1596 1228,1596 1295,1596 1362,1596 1430,1596 1497,1596 1564,1596 1632,1596 1699,1596 1767,1593"/>
                <TextEquiv>
                    <Unicode>Buitengewoon Concert door de Fanfare der serereriean lPetroleum Øompany</Unicode>
                </TextEquiv>
            </TextLine>
            <TextLine id="tr_1_tl_21" custom="readingOrder {index:20;}">
                <Coords points="453,1661 515,1693 1757,1677 1757,1635 1651,1624 453,1639"/>
                <Baseline points="462,1659 530,1659 598,1659 667,1659 735,1659 803,1659 872,1659 940,1662 1008,1662 1077,1662 1145,1663 1214,1665 1282,1664 1350,1664 1419,1665 1487,1665 1555,1664 1624,1662 1692,1662 1761,1659"/>
                <TextEquiv>
                    <Unicode>en met de medewerking der Zangmaatschappij “Les Disciples de Grisar»</Unicode>
                </TextEquiv>
            </TextLine>
            <TextLine id="tr_1_tl_22" custom="readingOrder {index:21;}">
                <Coords points="460,1746 695,1759 731,1741 768,1761 818,1741 882,1770 946,1746 944,1706 897,1693 820,1706 791,1686 762,1706 458,1695"/>
                <Baseline points="468,1725 493,1725 518,1725 543,1727 569,1728 594,1728 619,1728 645,1728 670,1728 695,1728 721,1728 746,1728 771,1728 797,1727 822,1725 847,1726 873,1728 898,1728 923,1728 949,1728"/>
                <TextEquiv>
                    <Unicode>Verlichting van den Tuin.</Unicode>
                </TextEquiv>
            </TextLine>
            <TextLine id="tr_1_tl_23" custom="readingOrder {index:22;}">
                <Coords points="300,1815 1759,1821 1757,1741 1484,1784 298,1762"/>
                <Baseline points="310,1799 382,1802 455,1802 528,1799 600,1800 673,1799 746,1801 818,1800 891,1802 964,1802 1037,1802 1109,1802 1182,1803 1255,1805 1327,1807 1400,1805 1473,1808 1545,1807 1618,1807 1691,1805 1764,1805"/>
                <TextEquiv>
                    <Unicode>Dit feest vervangt het Militair Concert van Dinsdag 25 Juli, hetwelk geen plaats heeft.</Unicode>
                </TextEquiv>
            </TextLine>
            <TextLine id="tr_1_tl_24" custom="readingOrder {index:23;}">
                <Coords points="300,1886 347,1901 369,1886 406,1897 435,1886 482,1908 506,1886 522,1895 557,1877 649,1897 675,1877 702,1881 702,1851 646,1831 622,1842 604,1826 558,1848 449,1828 300,1841"/>
                <Baseline points="310,1874 336,1874 362,1874 389,1874 415,1875 442,1877 468,1877 495,1877 521,1875 548,1875 574,1877 601,1876 627,1874 654,1876 680,1876 707,1874"/>
                <TextEquiv>
                    <Unicode>DIN Sp au 25 JULI,</Unicode>
                </TextEquiv>
            </TextLine>
            <TextLine id="tr_1_tl_25" custom="readingOrder {index:24;}">
                <Coords points="738,1890 1219,1888 1348,1912 1348,1855 1324,1848 738,1839"/>
                <Baseline points="749,1874 779,1874 809,1874 839,1874 869,1874 899,1875 929,1877 960,1877 990,1877 1020,1877 1050,1877 1080,1878 1110,1880 1140,1880 1171,1880 1201,1880 1231,1880 1261,1880 1291,1880 1321,1882 1352,1880"/>
                <TextEquiv>
                    <Unicode>te 3 1/2 uren ’s namiddags:</Unicode>
                </TextEquiv>
            </TextLine>
            <TextLine id="tr_1_tl_26" custom="readingOrder {index:25;}">
                <Coords points="409,1955 435,1968 627,1952 657,1966 691,1952 722,1968 784,1962 784,1901 733,1921 693,1902 678,1915 638,1904 600,1919 558,1904 497,1917 440,1892 409,1899"/>
                <Baseline points="420,1943 446,1943 472,1943 498,1943 525,1943 551,1943 577,1943 604,1943 630,1943 656,1943 682,1943 709,1943 735,1943 761,1945 788,1946"/>
                <TextEquiv>
                    <Unicode>Harmonie-Concert.</Unicode>
                </TextEquiv>
            </TextLine>
            <TextLine id="tr_1_tl_27" custom="readingOrder {index:26;}">
                <Coords points="304,2033 1308,2055 1353,2039 1353,1988 302,1968"/>
                <Baseline points="313,2014 365,2017 417,2020 469,2020 522,2020 574,2020 626,2020 678,2020 731,2020 783,2020 835,2020 887,2022 940,2023 992,2023 1044,2024 1096,2026 1149,2026 1201,2023 1253,2026 1305,2026 1358,2026"/>
                <TextEquiv>
                    <Unicode>Woensnag 26 JULI, te 3 1/2 uren ’s namiddags :</Unicode>
                </TextEquiv>
            </TextLine>
            <TextLine id="tr_1_tl_28" custom="readingOrder {index:27;}">
                <Coords points="409,2090 500,2110 544,2097 640,2110 744,2099 744,2059 717,2052 671,2061 607,2050 567,2062 489,2041 409,2048"/>
                <Baseline points="420,2086 445,2088 470,2089 495,2089 520,2089 545,2089 570,2089 595,2089 620,2089 645,2089 670,2089 695,2089 720,2089 746,2089"/>
                <TextEquiv>
                    <Unicode>Militair Concert.</Unicode>
                </TextEquiv>
            </TextLine>
            <TextLine id="tr_1_tl_29" custom="readingOrder {index:28;}">
                <Coords points="296,2184 1350,2182 1350,2133 1264,2122 296,2124"/>
                <Baseline points="307,2164 359,2164 411,2164 463,2164 516,2164 568,2164 620,2164 672,2167 725,2167 777,2167 829,2167 881,2167 934,2170 986,2170 1038,2170 1090,2170 1143,2170 1195,2170 1247,2170 1299,2173 1352,2170"/>
                <TextEquiv>
                    <Unicode>DONDERDAG 27 IULI, te 3 1/3 uren ’s namiddags :</Unicode>
                </TextEquiv>
            </TextLine>
            <TextLine id="tr_1_tl_30" custom="readingOrder {index:29;}">
                <Coords points="407,2250 429,2246 453,2263 475,2250 484,2259 529,2250 587,2268 640,2253 682,2279 733,2284 733,2192 658,2206 558,2203 538,2188 513,2203 464,2175 407,2195"/>
                <Baseline points="417,2232 443,2232 470,2232 497,2232 523,2232 550,2232 577,2232 603,2232 630,2232 657,2233 683,2235 710,2237 737,2238"/>
                <TextEquiv>
                    <Unicode>Militair Concert.</Unicode>
                </TextEquiv>
            </TextLine>
            <TextLine id="tr_1_tl_31" custom="readingOrder {index:30;}">
                <Coords points="738,2332 1197,2324 1197,2263 1171,2252 1095,2286 1028,2286 995,2264 909,2283 875,2270 738,2281"/>
                <Baseline points="749,2310 774,2312 799,2313 824,2313 849,2313 874,2313 900,2313 925,2313 950,2313 975,2313 1000,2315 1025,2316 1051,2316 1076,2316 1101,2316 1126,2316 1151,2316 1176,2316 1202,2316"/>
                <TextEquiv>
                    <Unicode>te 8 uren ’s avonds</Unicode>
                </TextEquiv>
            </TextLine>
            <TextLine id="tr_1_tl_32" custom="readingOrder {index:31;}">
                <Coords points="404,2390 1366,2419 1366,2326 811,2366 655,2333 538,2353 467,2306 404,2339"/>
                <Baseline points="414,2376 461,2376 509,2378 557,2378 605,2379 653,2381 700,2381 748,2381 796,2379 844,2378 892,2378 939,2380 987,2381 1035,2381 1083,2381 1131,2381 1178,2384 1226,2384 1274,2384 1322,2384 1370,2384"/>
                <TextEquiv>
                    <Unicode>Symfonisch Concert. — Verlichting van den Tuin.</Unicode>
                </TextEquiv>
            </TextLine>
            <TextLine id="tr_1_tl_33" custom="readingOrder {index:32;}">
                <Coords points="286,2477 369,2466 413,2488 449,2466 466,2477 535,2466 571,2486 635,2470 660,2490 704,2486 702,2417 657,2403 637,2423 595,2412 529,2424 400,2393 360,2417 286,2428"/>
                <Baseline points="295,2453 320,2453 346,2453 371,2451 397,2450 422,2450 448,2451 473,2453 499,2455 525,2456 550,2456 576,2456 601,2456 627,2457 652,2459 678,2459 704,2459"/>
                <TextEquiv>
                    <Unicode>ZATERDAG 29 IULI,</Unicode>
                </TextEquiv>
            </TextLine>
            <TextLine id="tr_1_tl_34" custom="readingOrder {index:33;}">
                <Coords points="742,2490 815,2468 951,2494 1029,2468 1351,2481 1351,2439 1271,2421 982,2437 742,2417"/>
                <Baseline points="752,2453 782,2455 812,2456 842,2456 872,2458 902,2459 932,2459 963,2459 993,2459 1023,2459 1053,2459 1083,2460 1113,2462 1143,2462 1174,2462 1204,2462 1234,2462 1264,2461 1294,2459 1324,2461 1355,2462"/>
                <TextEquiv>
                    <Unicode>te 3 1/2 uren ’s namiddags :</Unicode>
                </TextEquiv>
            </TextLine>
            <TextLine id="tr_1_tl_35" custom="readingOrder {index:34;}">
                <Coords points="411,2566 436,2554 460,2563 484,2543 537,2557 566,2544 591,2554 649,2546 673,2561 698,2543 737,2552 735,2494 702,2484 629,2501 575,2497 553,2477 511,2501 473,2488 409,2490"/>
                <Baseline points="420,2522 446,2528 473,2531 500,2531 526,2531 553,2531 580,2533 606,2534 633,2534 660,2534 686,2534 713,2538 740,2537"/>
                <TextEquiv>
                    <Unicode>Militair Concert.</Unicode>
                </TextEquiv>
            </TextLine>
            <TextLine id="tr_1_tl_36" custom="readingOrder {index:35;}">
                <Coords points="286,2619 338,2619 367,2637 418,2621 487,2637 507,2621 567,2619 642,2639 642,2572 595,2561 507,2577 396,2564 367,2575 347,2559 286,2575"/>
                <Baseline points="295,2605 320,2605 345,2605 370,2605 395,2606 420,2607 445,2608 471,2608 496,2608 521,2608 546,2608 571,2608 596,2608 621,2609 647,2611"/>
                <TextEquiv>
                    <Unicode>ZONDAG 30 IULI,</Unicode>
                </TextEquiv>
            </TextLine>
            <TextLine id="tr_1_tl_37" custom="readingOrder {index:36;}">
                <Coords points="737,2628 866,2604 913,2635 980,2623 1024,2646 1057,2628 1148,2648 1171,2624 1217,2643 1299,2632 1299,2581 737,2572"/>
                <Baseline points="746,2611 773,2611 801,2611 829,2611 857,2611 884,2611 912,2613 940,2614 968,2614 995,2616 1023,2617 1051,2617 1079,2616 1106,2614 1134,2616 1162,2617 1190,2617 1217,2617 1245,2617 1273,2617 1301,2614"/>
                <TextEquiv>
                    <Unicode>te 3 uren ’s namiddags:</Unicode>
                </TextEquiv>
            </TextLine>
            <TextLine id="tr_1_tl_38" custom="readingOrder {index:37;}">
                <Coords points="413,2694 442,2704 486,2688 529,2704 558,2690 629,2708 657,2708 671,2694 726,2710 724,2643 647,2657 587,2634 564,2644 517,2626 497,2644 484,2634 411,2644"/>
                <Baseline points="423,2680 448,2678 474,2677 500,2679 525,2681 551,2683 577,2683 602,2683 628,2683 654,2683 679,2683 705,2683 731,2683"/>
                <TextEquiv>
                    <Unicode>Militair Concert.</Unicode>
                </TextEquiv>
            </TextLine>
            <TextLine id="tr_1_tl_39" custom="readingOrder {index:38;}">
                <Coords points="733,2779 806,2754 931,2777 1017,2757 1073,2775 1186,2763 1186,2712 1169,2708 1044,2721 968,2704 900,2726 813,2694 733,2701"/>
                <Baseline points="743,2746 769,2749 795,2752 821,2750 848,2750 874,2752 900,2752 927,2752 953,2752 979,2753 1005,2755 1032,2755 1058,2755 1084,2755 1111,2755 1137,2755 1163,2754 1190,2752"/>
                <TextEquiv>
                    <Unicode>te 8 uren's avonds</Unicode>
                </TextEquiv>
            </TextLine>
            <TextLine id="tr_1_tl_40" custom="readingOrder {index:39;}">
                <Coords points="400,2845 460,2832 527,2859 555,2843 609,2852 664,2835 702,2855 780,2843 780,2783 682,2788 642,2770 571,2785 529,2774 484,2794 420,2775 400,2783"/>
                <Baseline points="411,2817 437,2817 464,2818 491,2819 517,2819 544,2817 571,2817 598,2817 624,2817 651,2818 678,2820 704,2820 731,2820 758,2820 785,2820"/>
                <TextEquiv>
                    <Unicode>Symfonisch Concert</Unicode>
                </TextEquiv>
            </TextLine>
            <TextLine id="tr_1_tl_41" custom="readingOrder {index:40;}">
                <Coords points="878,2837 1064,2852 1148,2832 1220,2854 1315,2835 1382,2866 1428,2846 1426,2783 1375,2774 1224,2794 877,2774"/>
                <Baseline points="889,2817 916,2819 943,2820 970,2820 997,2821 1024,2823 1051,2823 1079,2823 1106,2823 1133,2823 1160,2823 1187,2823 1214,2824 1241,2826 1269,2826 1296,2826 1323,2826 1350,2826 1377,2826 1404,2826 1432,2829"/>
                <TextEquiv>
                    <Unicode>het Orkest der Maatschappij.</Unicode>
                </TextEquiv>
            </TextLine>
            <TextLine id="tr_1_tl_42" custom="readingOrder {index:41;}">
                <Coords points="1082,2954 1149,2985 1211,2955 1415,2988 1493,2990 1537,2955 1608,2986 1699,2981 1699,2930 1641,2921 1560,2939 1499,2919 1082,2926"/>
                <Baseline points="1092,2946 1122,2948 1153,2950 1183,2952 1214,2950 1245,2950 1275,2952 1306,2952 1336,2952 1367,2952 1398,2952 1428,2952 1459,2952 1489,2952 1520,2952 1551,2952 1581,2952 1612,2952 1642,2953 1673,2955 1704,2955"/>
                <TextEquiv>
                    <Unicode>Imp. F. Janssens-Anthonis. — Anvers.</Unicode>
                </TextEquiv>
            </TextLine>
        </TextRegion>
    </Page>
</PcGts>
