2056 3370
473 331 1574 422 Société Royale de Zoologie d’Anvers
405 508 1660 593 Vendredi 21 Juillet 1905, à 8 heures du soir
317 651 1729 879 Concert de Symphonie
387 918 1646 1006 PAR L'ORCHESTRE DE LA SOCIÉTÉ
456 1027 1581 1101 sous la direction de M. EDWERD REURVELS
955 1138 1064 1233 &c.
770 1268 1249 1400 programme
911 1426 1138 1497 1re PARTIE
283 1495 888 1593 I. Ouverture dramatique
1096 1511 1354 1585 A. DEPPE
348 1572 610 1648 Polyeucte.
1096 1579 1407 1662 EDG. TINEL
354 1639 1092 1722 (fête dans le temple de Jupiter)
397 1711 1446 1804 N° 2 de la suite symphonique pour la tragédie de Corneille
350 1794 1699 1843 A) Cortège ; B) Danses ; c) Irruption soudaine de Polyeucte et de Néarque.
267 1840 1052 1917 3. Alvar (introduction du drame lyrique)
1101 1840 1449 1929 PAUL GILSON
392 1901 973 1977 Hautbois-Solo : M. Ch. Rovies.
271 1977 1055 2026 4. Flamma (suite d'orchestre du ballet)
1097 1956 1493 2045 AUG. DE BOECK
350 2045 1520 2126 A) Prélude ; B) Valse ; c) Presto-Adagio ; b) Danses de Flamma ;
419 2084 649 2165 E) Cortège
890 2151 1141 2242 2me PARTIE
271 2255 760 2350 5. Marche jubilaire
1094 2249 1549 2350 JOS. HUYBRECHTS
371 2341 1676 2417 (composée à l’occasion du 75e anniversaire de l'Indépendance nationale)
470 2394 786 2480 Ire exécution
271 2448 515 2540 6. Idylle
1099 2434 1729 2540 FRANK VAN DER STUKKEN
273 2519 684 2603 7. Mellusina.
1096 2522 1474 2628 EM. WAMBACH
348 2589 1112 2679 (suite d’orchestre extraite du drame lyrique)
345 2659 1583 2728 A) Ouverture (au Matin) ; B) Noce champêtre ; c) Danse des gnomes ;
392 2710 936 2795 b) Interlude ; E) Epithalame.
262 2768 723 2853 8. Fête populaire
1094 2772 1467 2860 PETER BENOIT
368 2842 1361 2930 (du drame lyrique La Pacification de Gand)
387 2902 1738 2971 Cortège des Nobles, des Gildes, des Chambres de Rhétorique avec leurs
354 2953 1022 3032 “ pijpers » et fous. — Joie populaire.
1061 3002 1674 3113 Imp. F. Janssens-Anthonis. — Anvers.
