2056 3370
416 359 1734 465 Koninklijke Maatschappij van Dierkunde van Antwerpen
375 502 1722 571 Feesten van de 75e Verjaring van de Belgische Onathankelijkheid
372 589 1724 695 DONDEkDAG 27 JULI 1905, TE 6 UREN S NAMIDDAGS
876 680 1224 786 DEZÖEK VAN
642 771 1438 908 Z.M. Den Koning
902 993 1182 1096 TE 5 UREN
342 1083 1670 1259 SYMFONISCH CONCER
507 1276 1559 1347 DOOR HET ORKEST DER MAATSCHAPPIJ
411 1334 1650 1436 onder de leiding van den Heer Edward KEURYELS
983 1435 1061 1522 *
798 1536 1249 1640 PROGRAMMA
345 1628 852 1717 I. Inhuldigingsmarsch
1362 1690 1672 1778 AUG. DE BOECK
345 1697 1111 1803 2. Flamma (orkestsuite uit het dansspel)
434 1788 1357 1866 A) Voorspel; B) Wals ; c) Presto-Adagio ; p) Dinsen
443 1850 854 1914 van Flamma ; E) Stoet.
338 1908 913 1985 3. Dramatisch openingstuk
1369 1909 1554 2022 A. DEPPE
433 1982 886 2049 (Zang van den krijgsman)
433 2049 1350 2147 Oproeping en optocht naar het slagveld. — Gevoe¬
434 2113 1352 2211 lens die het hart van den krijgsman bestormen :
434 2177 1345 2251 God (gebed), Plicht, Liefde.— Gerecht.— Zegezang.
337 2253 1121 2324 4. Esclarmonde (brokken uit het zangspel)
1359 2256 1595 2349 J. MASSENET
433 2303 906 2386 A) Bruiloft; B) Aanroeping
333 2362 953 2446 5. Coppelia (orkestsuite)
1355 2388 1595 2482 LEO DELIBES
423 2446 1340 2527 A) Slavisch thema en variatién ; B) Feest en Wals der
421 2485 1334 2605 Uren ; c) Muziek der Automaten en Wals; D) Czardas.
333 2568 1192 2672 6. Tannhauser (openingstuk van het zangspel).
1354 2580 1628 2681 RICH. WAGNER
332 2637 721 2721 7. Rubensmarsch.
1350 2664 1613 2755 PETER BENOIT
