2056 3370
428 357 1774 479 Société Royale de Zoologie d'Anvers = = - = = =
431 473 1773 544 Fétes du 75me Anniversaire de l'Indépendance Nationale
426 598 1778 687 JEUDI 27 JUILLET 1905, à 6 HEURES DE L'APRÈS-MIDI
966 676 1245 763 VISITE DE
822 760 1382 895 S. M. le Roi
955 977 1245 1062 A 5 HEURES
473 1085 1739 1259 Concert de Symphonie
632 1262 1565 1319 PAR L'ORCHESTRE DE LA SOCIÉTÉ
570 1321 1638 1395 sous la direction de M. Edward KEURVeLS
876 1511 1333 1623 PROGARAMME
431 1646 910 1736 1. Marche inaugurale
1464 1687 1754 1781 AUG. DE BOECK
431 1724 1326 1784 2. Flamma (suite d'orchestre extraite du ballet).
524 1796 1399 1867 A) Prélude; B) Valse; c) Presto-Adagio; D) Danses
527 1857 955 1931 de Flamma ; E) Cortège.
1422 1892 1661 1998 A. DEPPE
431 1916 959 1997 3. Ouverture dramatique
532 1997 880 2062 (Chant du guerrier)
524 2039 1451 2123 Appel et marche au combat. — Sentiments qui
527 2111 1452 2179 assiègent le cœur du guerrier: Dieu (prière), Devoir,
531 2192 1227 2251 Amour. — Mêlée. — Chant de victoire.
1476 2233 1712 2314 J. MASSENET
431 2255 1147 2319 4. Esclarmonde (fragments de l'opéra)
519 2324 1014 2398 A) Hyménée ; B) Invocation
1483 2337 1720 2450 LÉ O'DELIBES
428 2381 1001 2463 5. Coppélia (suite d'orchestre)
522 2437 1434 2524 A) Thème slave varié ; B) Fête et Valse des Heures
527 2511 1360 2588 c) Musique des Automates et Valse ; D) Czardas.
1493 2565 1774 2645 RICH. WAGNER
438 2580 1122 2651 6. Tannhauser (ouverture de l’opéra)
1486 2632 1751 2725 PETER BENOIT
435 2651 814 2735 7. Rubensmarsch
1426 2812 1784 2880 F. Janssens-Anthonis. — Anvers.
1778 969 1879 1100 the
