2056 3370
327 354 1599 443 Koninklijke Maatschappij van Dierkunde
728 448 1216 532 van Antwerpen
341 604 1615 679 Donderdag 27 Juli 1905, te 8 uren ’s avonds
243 771 1621 957 Symlonisch Concer
272 967 1668 1053 DOOR HET ORKEST DER MAATSCHAPPIJ
392 1074 1526 1143 onder de leiding van M. EDWERD REURVELS
909 1172 1015 1278 &c
721 1298 1189 1428 programma
893 1445 1069 1523 1e DEEL
238 1532 719 1614 I. Memline marsch.
1263 1537 1603 1635 H. VAELPUT
229 1606 675 1683 2. Al Concertwals
1272 1619 1608 1684 K. HANSSENS
299 1661 630 1750 B) Toondicht
1263 1675 1597 1748 L. VAN DAM
234 1722 534 1788 3. Fantazie
1263 1733 1639 1819 EM. WAMBACH
358 1779 929 1840 Viool-Solo: M. Edm. De Herdt.
231 1830 1015 1928 4. De Elzenkoning (opingstuk)
1270 1828 1634 1913 PETER BENOIT
878 1920 1051 1998 2e DEEL
231 2029 904 2113 5. Le Roi d’Ys (openingstuk
1272 2024 1526 2111 ED. LALO
356 2093 984 2163 Cello-Solo : M. Joz. Van der Avort.
207 2113 935 2209 6. Peer Gynt (1ste orkestsuite)
1263 2127 1572 2216 EDV. GRIEG
272 2196 1272 2258 A) Zomermorgen in het Noorweegsche gebergte.
272 2240 568 2301 B) Ase's dood.
280 2298 1697 2360 Ase, de oude moeder van Peer, ligt te zieltogen. Bij het bed gezeten zijner
238 2340 1684 2389 stervende moeder, vertelt Gynt haar eene der menigvuldige legenden, waar
240 2379 1693 2434 mede zij hem in zijne kindschheid zoo vaak wiegde. Als het vertelsel eindigt,
238 2412 499 2468 ontslaapt Ase
270 2452 630 2512 c) Anitra's dans.
281 2497 1699 2568 Peer Gynt verbeeldt zich Keizer en Profeet te zijn. In de tent van een Arabisch
238 2550 1692 2603 opperhoofd, ligt hij uitgestrekt op een divan. Anitra, dochter van den hoofdman,
238 2601 1145 2639 en hare gezellinnen, dansen en zingen voor hem.
280 2632 989 2688 b) In de halle van den Bergkoning.
272 2664 1699 2730 Aan het koninklijk hof. Berggeesten en Kahouters vieren bij dans en vreugde-
240 2721 1699 2781 geroep de verlowing van Peer Gynt met ’s konings dochter. De krocht stort in en
240 2770 1172 2811 alles verzwindt bij eenen laatsten ruwen schreeuw.
240 2808 788 2882 7. Lohengrin (voorspel)
1263 2802 1648 2880 RICH. WAGNER
238 2873 741 2940 8. Carnaval in Paris
1272 2866 1648 2953 JOH. SVENDSEN
996 2957 1668 3044 Drukk. F. Janssens-Anthonis. — Antwerpen
1764 2018 1853 2133 C
