2056 3370
489 290 1607 374 Société Royale de Zoologie d’Anvers
451 464 1642 542 Jeudi 27 Juillet 1905, à 8 heures du soir
346 605 1768 808 Concert de Symphonie
410 869 1669 968 PAR L'ORCHESTRE DE LA SOCIÉTÉ
476 982 1614 1067 sous la direction de M. accavo KEURVELS
980 1076 1098 1186 &C
819 1206 1283 1340 programme
944 1360 1176 1455 Ire PARTIE
315 1440 786 1528 1. Memline-marsch
1345 1457 1675 1545 H. VAELPUT
306 1514 845 1583 2. A) Valse de concert
1349 1525 1679 1605 K. HANSSENS
372 1580 839 1640 B) Poësie musicale
1340 1583 1666 1655 L. VAN DAM
310 1629 619 1706 3. Fantaisie
1341 1638 1721 1721 EM. WAMBACH
462 1682 1061 1752 Violon-Solo: M. Edm. De Herdt
315 1743 1105 1831 4. Le Roi des Aulnes (ouverture)
1351 1743 1726 1831 PETER BENOIT
929 1832 1176 1917 2me PARTIE
312 1931 971 2003 5. Le Roi d'Ys (ouverture)
1347 1922 1591 2027 ED. LALO
420 1992 1171 2049 Voloncelle-Solo : M. Jos. Van der Avort
306 2040 1129 2104 6. Peer Gynt (1re suite d'orchestre)
1341 2032 1651 2124 EDV. GRIEG
348 2089 1360 2153 1) Matin d’été dans les montagnes norvégiennes.
339 2142 722 2208 B) La mort d’Ase.
354 2192 1781 2254 La vieille Ase, mère de Peer, agonise. Le fils s’assied au pied du lit et conte à
312 2245 1778 2309 sa mère mourante une des mille légendes dont elle le berçait pendant son som¬
310 2287 1475 2349 meil d’enfant. Au dernier mot du conte, Ase expire doucement
345 2318 801 2380 c) La danse d’Anitra.
350 2371 1774 2426 Dans la tente d’un chef arabe. Peer Gynt, se croyant Empereur et Prophète, est
310 2401 1781 2478 étendu sur un divan. Anitra, fille du chef, et ses compagnes dansent et chantent
310 2456 526 2501 devant lui.
339 2490 1165 2558 b) Dans la halle du Roi des montagnes.
348 2549 1779 2602 La cour du roi. Gnômes, esprits et lutins fêtent de leurs danses et de lleurs cris
312 2587 1778 2650 les fiançailles de Gynt avec la fille du roi, Subitement la caverne s'écroule. Tout
312 2631 914 2692 disparait dans un grand cri final
306 2675 865 2756 7. Lohengrin (prélude)
1349 2679 1734 2762 RICH. WAGNER
302 2738 823 2824 8. Carnaval in Paris
1349 2743 1732 2826 JOH. SVENDSEN
1770 918 1882 1037 2
