2056 3370
344 344 1616 413 Koninklijke Maatschappij van Dierkunde
739 405 1230 504 van Antwerpen
385 591 1580 656 Zondag 30 Juli 1905, te 8 uren ’s avonds
257 766 1716 879 Bylkonsen Concert
280 924 1704 1017 DOOR HET ORKEST DER MAATSCHAPPIJ
409 1017 1552 1130 onder de leiding van M. EDMARD REURVELS
920 1126 1033 1232 &C.
727 1256 1207 1377 programma
907 1398 1074 1471 1e DEEL
249 1450 776 1558 I. Nationale marsch
1209 1452 1564 1566 LÉONCE GRAS
399 1535 754 1612 Iste Uitvoering.
320 1580 1092 1687 Le Roi de Lahore (opingstuk)
1219 1576 1542 1671 J. MASSENET
1219 1649 1572 1726 FR. SMETANA
328 1649 786 1722 Vltava (de Moldau)
336 1675 1618 1774 2de symfonisch gedicht uit den Cyclus Mijn Vaderland
326 1734 1914 1843 Twee.bronnen ontspringen den bodem van het lommerrijke Boheemsche
255 1793 1710 1858 woud; de eene borreli ziedend op, bruist en schuimt ; de andere, helder en
253 1855 1714 1914 frisch,, vliet stil verder. Vroolijk murmelend langs de rotsen, vereenigen zich
261 1894 1702 1932 hunne wateren tot één stroom, tintelend onder de stralen der ochtendzon. —
251 1937 1714 1977 Naarmate bij door dest-eken van Bohemen kronkelt, zwelt de snelle stroom en
261 1975 1714 2014 wordt Vitara (de Moldau) ; door dichte bosschen getft hij, en langs zine zoemen
263 2011 1712 2054 weerklinkt luid en luider het opwekkend getoet van den jachthoorn; door delage
263 2048 1722 2095 landen schiet hij voort, langs weelderige weiden en beemden, waar bruiloft
261 2084 1716 2131 wordt gevierd bij zang en dans. Des nachts komen lustige woud- en waternim-
211 2086 1714 2176 p fen zich vermeien in den klaren breeden plas, die glinstert in de¬maneschijv
263 2165 1722 2210 en de talrijke burchten wæerspiegelt, getuigen van verleden pracht, ridderspel
261 2198 1716 2252 en krijgsroem. De polven koken en broisen in de St-Janskolken, bulderen in de
263 2240 1728 2289 watervallen, en de wilde vloed breekt z ch met geweld eenen weg tusschen de
261 2281 1712 2329 eeuwenoude rotswanden, om de wijde bedding te genaken, waarin hij, fier er
261 2321 1722 2370 statig, Praag begroet, stroomend voorbij het eerbiedwaardig slot Vysehrad, dat
261 2352 1612 2411 hem verw-Ikomt. Dan verdwijnt hij in de verte voor het oog des Dichters.
1742 2340 1870 2479 P.
249 2392 851 2483 4. Kunstlerleben (wals)
1155 2400 1539 2490 JOH. STRAUS
905 2463 1074 2552 2e DEEL
261 2544 916 2637 5. Sakuntala (opingstuk)
1217 2558 1572 2637 C. GOLDMARK
261 2615 920 2690 6. Humoristische heilgroet.
1215 2619 1588 2692 PETER BENOIT
263 2676 1185 2757 7. Henry VIII (danstooneelen uit het zangspel).
1224 2686 1697 2761 CAM. SAINT-SAENS
373 2727 1092 2789 A) Inleiding. — Intocht der Stammen.
373 2771 1167 2850 B) Schotsche idylle. c) Dans der Zigeunerin.
373 2814 642 2870 D) Gig en slot.
249 2852 747 2929 8. Espaὄa (rapsodie)
1213 2836 1596 2939 EM. CHABRIER
1033 2980 1667 3055 Drukk. F. Janssens-Antonhis, Antwerpen
