<?xml version="1.0" encoding="UTF-8" standalone="yes"?>
<PcGts xmlns="http://schema.primaresearch.org/PAGE/gts/pagecontent/2013-07-15" xmlns:xsi="http://www.w3.org/2001/XMLSchema-instance" xsi:schemaLocation="http://schema.primaresearch.org/PAGE/gts/pagecontent/2013-07-15 http://schema.primaresearch.org/PAGE/gts/pagecontent/2013-07-15/pagecontent.xsd">
    <Metadata>
        <Creator>prov=READ-COOP:name=TrHtr:version=2.18.1:model_id=51170:date=16_10_2024_03:44</Creator>
        <Created>2024-10-15T15:44:37.028+02:00</Created>
        <LastChange>2024-10-16T03:44:52.826+02:00</LastChange>
        <TranskribusMetadata docId="4642292" pageId="80335972" pageNr="130" tsid="193989959" status="IN_PROGRESS" userId="131016" imgUrl="https://files.transkribus.eu/Get?id=CNCGZBNOROYOKMLXTAMLCZLB&amp;fileType=view" xmlUrl="https://files.transkribus.eu/Get?id=FMARVKCFJOYBOWQAVZDTGVVV" imageId="65796390"/>
    </Metadata>
    <Page imageFilename="0130_kca-srdda-cpr1905-030901108875-tx-00130.jpg" imageWidth="2056" imageHeight="3370">
        <ReadingOrder>
            <OrderedGroup id="ro_1757315709969" caption="Regions reading order">
                <RegionRefIndexed index="0" regionRef="tr_1"/>
            </OrderedGroup>
        </ReadingOrder>
        <TextRegion orientation="0.0" id="tr_1" custom="readingOrder {index:0;}">
            <Coords points="244,353 244,2905 1793,2905 1793,353"/>
            <TextLine id="tr_1_tl_1" custom="readingOrder {index:0;}">
                <Coords points="487,394 1601,398 1601,328 1425,307 1349,338 487,325"/>
                <Baseline points="498,388 553,388 608,388 664,388 719,388 774,385 830,386 885,388 940,388 996,388 1051,388 1106,388 1162,388 1217,388 1272,389 1328,389 1383,388 1438,388 1494,388 1549,387 1605,388"/>
                <TextEquiv>
                    <Unicode>Société Royale de Zoologie d'Anvers</Unicode>
                </TextEquiv>
            </TextLine>
            <TextLine id="tr_1_tl_2" custom="readingOrder {index:1;}">
                <Coords points="392,575 1697,558 1697,480 1632,474 1164,520 1046,469 392,474"/>
                <Baseline points="402,540 470,545 538,546 607,546 675,543 743,543 812,543 880,546 948,547 1017,547 1085,546 1154,546 1222,549 1290,549 1359,549 1427,549 1495,548 1564,546 1632,548 1701,546"/>
                <TextEquiv>
                    <Unicode>Dimanche 30 Juillet 1905, à 8 heures du soir</Unicode>
                </TextEquiv>
            </TextLine>
            <TextLine id="tr_1_tl_3" custom="readingOrder {index:2;}">
                <Coords points="339,792 1754,798 1752,650 1666,624 1571,668 1442,622 1274,668 1091,610 1002,673 920,613 847,653 788,617 630,675 338,604"/>
                <Baseline points="349,764 419,772 489,776 560,776 630,777 701,779 771,779 842,779 912,776 983,779 1053,781 1123,781 1194,779 1264,785 1335,782 1405,784 1476,782 1546,782 1617,779 1687,782 1758,773"/>
                <TextEquiv>
                    <Unicode>Concert de Symphonie</Unicode>
                </TextEquiv>
            </TextLine>
            <TextLine id="tr_1_tl_4" custom="readingOrder {index:3;}">
                <Coords points="416,940 1674,956 1641,869 416,887"/>
                <Baseline points="426,931 488,932 551,934 613,934 676,934 738,934 801,934 863,936 926,937 988,938 1051,937 1114,938 1176,940 1239,940 1301,941 1364,943 1426,943 1489,945 1551,946 1614,944 1677,943"/>
                <TextEquiv>
                    <Unicode>PAR L’ORCHESTRE DE LA SOCIÉTÉ</Unicode>
                </TextEquiv>
            </TextLine>
            <TextLine id="tr_1_tl_5" custom="readingOrder {index:4;}">
                <Coords points="476,1046 1606,1048 1591,987 995,973 892,1007 686,975 476,1009"/>
                <Baseline points="486,1023 542,1026 598,1028 654,1029 711,1026 767,1027 823,1029 879,1029 936,1029 992,1030 1048,1032 1104,1032 1161,1032 1217,1032 1273,1032 1329,1032 1386,1032 1442,1032 1498,1032 1554,1035 1611,1032"/>
                <TextEquiv>
                    <Unicode>sous la direction de M. EDWERD REURVELS</Unicode>
                </TextEquiv>
            </TextLine>
            <TextLine id="tr_1_tl_6" custom="readingOrder {index:5;}">
                <Coords points="986,1159 1004,1159 1011,1153 1018,1161 1044,1157 1053,1164 1073,1157 1093,1159 1097,1068 1082,1069 1077,1064 1066,1073 1060,1068 1035,1071 1026,1064 1011,1064 998,1051 989,1051"/>
                <Baseline points="996,1137 1021,1137 1047,1137 1072,1136 1098,1134"/>
                <TextEquiv>
                    <Unicode>&amp;C</Unicode>
                </TextEquiv>
            </TextLine>
            <TextLine id="tr_1_tl_7" custom="readingOrder {index:6;}">
                <Coords points="819,1299 912,1272 973,1299 1038,1278 1195,1272 1283,1298 1285,1219 1137,1201 1017,1219 947,1201 902,1210 874,1184 821,1195"/>
                <Baseline points="829,1265 854,1265 879,1265 905,1264 930,1262 955,1264 981,1265 1006,1265 1032,1265 1057,1265 1082,1265 1108,1265 1133,1265 1159,1265 1184,1265 1209,1264 1235,1262 1260,1261 1286,1259"/>
                <TextEquiv>
                    <Unicode>programme</Unicode>
                </TextEquiv>
            </TextLine>
            <TextLine id="tr_1_tl_8" custom="readingOrder {index:7;}">
                <Coords points="945,1387 1006,1369 1044,1382 1090,1372 1115,1383 1142,1374 1164,1392 1177,1391 1177,1312 1157,1318 1146,1309 1068,1340 980,1312 945,1318"/>
                <Baseline points="955,1367 980,1365 1005,1364 1030,1364 1055,1365 1081,1366 1106,1367 1131,1367 1156,1367 1182,1367"/>
                <TextEquiv>
                    <Unicode>1re PARTIE</Unicode>
                </TextEquiv>
            </TextLine>
            <TextLine id="tr_1_tl_9" custom="readingOrder {index:8;}">
                <Coords points="318,1486 396,1465 442,1489 498,1464 591,1482 741,1465 821,1484 821,1387 770,1403 675,1380 504,1431 405,1405 367,1436 318,1422"/>
                <Baseline points="328,1459 354,1459 380,1459 406,1457 432,1457 459,1459 485,1457 511,1456 537,1458 563,1459 590,1459 616,1459 642,1459 668,1459 694,1459 721,1459 747,1459 773,1459 799,1459 826,1459"/>
                <TextEquiv>
                    <Unicode>I. Marche nationale</Unicode>
                </TextEquiv>
            </TextLine>
            <TextLine id="tr_1_tl_10" custom="readingOrder {index:9;}">
                <Coords points="1270,1475 1318,1471 1341,1484 1424,1473 1449,1487 1502,1471 1564,1496 1630,1482 1630,1429 1619,1427 1580,1436 1526,1416 1500,1433 1478,1416 1409,1416 1383,1429 1334,1407 1309,1422 1270,1420"/>
                <Baseline points="1280,1462 1305,1464 1330,1465 1356,1465 1381,1465 1406,1465 1432,1465 1457,1465 1482,1465 1508,1465 1533,1465 1558,1465 1584,1465 1609,1464 1635,1462"/>
                <TextEquiv>
                    <Unicode>LÉONCE GRAS</Unicode>
                </TextEquiv>
            </TextLine>
            <TextLine id="tr_1_tl_11" custom="readingOrder {index:10;}">
                <Coords points="515,1540 575,1529 661,1540 694,1526 743,1548 799,1528 836,1542 860,1531 858,1486 818,1493 768,1467 684,1467 661,1487 628,1467 591,1484 560,1467 513,1467"/>
                <Baseline points="525,1507 550,1510 576,1513 602,1513 628,1514 654,1516 680,1517 706,1519 732,1519 758,1520 784,1521 810,1522 836,1522 862,1522"/>
                <TextEquiv>
                    <Unicode>1re Exécution.</Unicode>
                </TextEquiv>
            </TextLine>
            <TextLine id="tr_1_tl_12" custom="readingOrder {index:11;}">
                <Coords points="308,1595 1079,1597 1068,1520 934,1551 391,1522 308,1551"/>
                <Baseline points="319,1576 357,1576 395,1576 433,1576 471,1576 510,1576 548,1576 586,1576 624,1576 662,1578 701,1577 739,1576 777,1576 815,1576 853,1579 892,1577 930,1578 968,1579 1006,1579 1044,1578 1083,1576"/>
                <TextEquiv>
                    <Unicode>2. Le Roi de Lahore (ouverture)</Unicode>
                </TextEquiv>
            </TextLine>
            <TextLine id="tr_1_tl_13" custom="readingOrder {index:12;}">
                <Coords points="1281,1608 1318,1590 1340,1602 1383,1591 1402,1602 1422,1593 1502,1604 1540,1588 1604,1606 1604,1526 1577,1518 1528,1537 1480,1524 1411,1531 1380,1507 1281,1526"/>
                <Baseline points="1292,1579 1318,1581 1344,1582 1371,1582 1397,1582 1423,1582 1450,1582 1476,1582 1502,1582 1529,1582 1555,1582 1581,1582 1608,1582"/>
                <TextEquiv>
                    <Unicode>J. MASSENET</Unicode>
                </TextEquiv>
            </TextLine>
            <TextLine id="tr_1_tl_14" custom="readingOrder {index:13;}">
                <Coords points="318,1666 522,1637 836,1670 1121,1644 1097,1591 318,1604"/>
                <Baseline points="328,1638 367,1635 407,1635 447,1633 487,1632 527,1632 567,1633 606,1636 646,1638 686,1638 726,1638 766,1638 806,1636 846,1637 885,1638 925,1639 965,1640 1005,1638 1045,1638 1085,1635 1125,1638"/>
                <TextEquiv>
                    <Unicode>3. Vltava (la Moldau)</Unicode>
                </TextEquiv>
            </TextLine>
            <TextLine id="tr_1_tl_15" custom="readingOrder {index:14;}">
                <Coords points="1288,1646 1380,1663 1409,1648 1496,1664 1511,1650 1540,1664 1559,1648 1624,1652 1622,1606 1601,1602 1555,1611 1513,1597 1469,1608 1409,1597 1382,1611 1318,1588 1287,1599"/>
                <Baseline points="1298,1635 1323,1635 1348,1635 1374,1635 1399,1636 1425,1638 1450,1638 1476,1638 1501,1640 1527,1641 1552,1639 1578,1638 1603,1638 1629,1638"/>
                <TextEquiv>
                    <Unicode>FR. SMETANA</Unicode>
                </TextEquiv>
            </TextLine>
            <TextLine id="tr_1_tl_16" custom="readingOrder {index:15;}">
                <Coords points="504,1719 1445,1714 1445,1653 1285,1633 832,1672 504,1644"/>
                <Baseline points="513,1695 559,1692 606,1692 653,1689 700,1690 747,1695 794,1695 840,1695 887,1695 934,1695 981,1696 1028,1698 1075,1696 1122,1695 1168,1695 1215,1697 1262,1696 1309,1695 1356,1695 1403,1695 1450,1692"/>
                <TextEquiv>
                    <Unicode>Poème symphonique du Cycle Ma Patrie</Unicode>
                </TextEquiv>
            </TextLine>
            <TextLine id="tr_1_tl_17" custom="readingOrder {index:16;}">
                <Coords points="232,1745 266,1741 276,1748 312,1734 332,1747 345,1737 381,1741 418,1714 433,1714 438,1653 403,1652 387,1666 363,1666 343,1679 327,1668 303,1675 285,1692 276,1684 256,1697 235,1695"/>
                <Baseline points="244,1713 271,1713 299,1713 326,1713 354,1712 381,1708 409,1704 437,1700"/>
                <TextEquiv>
                    <Unicode>G.C.P.</Unicode>
                </TextEquiv>
            </TextLine>
            <TextLine id="tr_1_tl_18" custom="readingOrder {index:17;}">
                <Coords points="398,1756 1774,1756 1750,1674 1144,1732 1086,1699 398,1710"/>
                <Baseline points="408,1749 476,1749 545,1746 613,1743 682,1745 750,1743 819,1743 887,1746 956,1744 1024,1746 1093,1747 1162,1746 1230,1746 1299,1746 1367,1746 1436,1747 1504,1749 1573,1748 1641,1746 1710,1746 1779,1743"/>
                <TextEquiv>
                    <Unicode>Deux sources jaillis-ent dans la forêt ombragée de Bohème : l'une est</Unicode>
                </TextEquiv>
            </TextLine>
            <TextLine id="tr_1_tl_19" custom="readingOrder {index:18;}">
                <Coords points="316,1799 1774,1794 1774,1761 1606,1750 316,1750"/>
                <Baseline points="325,1787 397,1790 470,1787 542,1786 615,1784 687,1784 760,1783 832,1784 905,1784 977,1784 1050,1784 1123,1786 1195,1784 1268,1786 1340,1785 1413,1784 1485,1786 1558,1784 1630,1784 1703,1784 1776,1779"/>
                <TextEquiv>
                    <Unicode>chaude et bouillonnante; l’autre fraîche et tranquille. Leurs ondes, en mur¬</Unicode>
                </TextEquiv>
            </TextLine>
            <TextLine id="tr_1_tl_20" custom="readingOrder {index:19;}">
                <Coords points="318,1838 1785,1830 1761,1790 318,1799"/>
                <Baseline points="328,1829 404,1829 481,1826 558,1823 635,1823 711,1823 788,1821 865,1823 942,1823 1019,1823 1095,1823 1172,1823 1249,1826 1326,1823 1403,1825 1479,1826 1556,1824 1633,1823 1710,1823 1787,1823"/>
                <TextEquiv>
                    <Unicode>murant joyeusement dans les rochers, se réunissent et brillent aux rayons du</Unicode>
                </TextEquiv>
            </TextLine>
            <TextLine id="tr_1_tl_21" custom="readingOrder {index:20;}">
                <Coords points="325,1876 1774,1883 1763,1830 325,1845"/>
                <Baseline points="334,1868 406,1868 478,1868 550,1863 623,1862 695,1862 767,1860 839,1862 912,1862 984,1862 1056,1862 1128,1863 1201,1862 1273,1864 1345,1862 1417,1865 1490,1864 1562,1865 1634,1862 1706,1862 1779,1862"/>
                <TextEquiv>
                    <Unicode>soleil matinal. Traversant les contrées de là Bohême, le rapideille grossit et</Unicode>
                </TextEquiv>
            </TextLine>
            <TextLine id="tr_1_tl_22" custom="readingOrder {index:21;}">
                <Coords points="325,1911 1779,1916 1728,1869 325,1876"/>
                <Baseline points="334,1904 406,1907 479,1907 551,1903 624,1901 696,1901 769,1900 841,1901 914,1901 986,1901 1059,1903 1131,1901 1204,1904 1276,1901 1349,1902 1421,1904 1494,1904 1566,1904 1639,1901 1711,1901 1784,1898"/>
                <TextEquiv>
                    <Unicode>devient le fleuve Vitava (la Moldau) ; il fuit à travers des forêts épaisses dans</Unicode>
                </TextEquiv>
            </TextLine>
            <TextLine id="tr_1_tl_23" custom="readingOrder {index:22;}">
                <Coords points="321,1960 1783,1951 1783,1914 1699,1905 321,1907"/>
                <Baseline points="331,1946 403,1943 476,1944 549,1943 622,1940 695,1940 767,1939 840,1940 913,1940 986,1940 1059,1940 1131,1940 1204,1940 1277,1941 1350,1940 1423,1940 1495,1942 1568,1943 1641,1940 1714,1940 1787,1940"/>
                <TextEquiv>
                    <Unicode>lesquelles on entend de plus en plus distinctement le joyeux passage d’une</Unicode>
                </TextEquiv>
            </TextLine>
            <TextLine id="tr_1_tl_24" custom="readingOrder {index:23;}">
                <Coords points="321,1987 1774,1987 1716,1944 321,1962"/>
                <Baseline points="331,1984 403,1984 475,1984 548,1982 620,1982 693,1979 765,1979 837,1979 910,1979 982,1980 1055,1979 1127,1980 1199,1982 1272,1980 1344,1979 1417,1979 1489,1982 1561,1982 1634,1980 1706,1979 1779,1976"/>
                <TextEquiv>
                    <Unicode>chasse et le son du cor ; il traverse des terres basses, riches en prairies, où l'or</Unicode>
                </TextEquiv>
            </TextLine>
            <TextLine id="tr_1_tl_25" custom="readingOrder {index:24;}">
                <Coords points="321,2028 1779,2026 1703,1978 321,2002"/>
                <Baseline points="331,2023 403,2023 476,2023 548,2020 621,2017 694,2017 766,2017 839,2017 912,2017 984,2017 1057,2017 1130,2017 1202,2017 1275,2017 1348,2018 1420,2017 1493,2018 1566,2017 1638,2017 1711,2017 1784,2014"/>
                <TextEquiv>
                    <Unicode>célèbre gaîment une noce par des chants et des danses. La nuit, les nymphes des</Unicode>
                </TextEquiv>
            </TextLine>
            <TextLine id="tr_1_tl_26" custom="readingOrder {index:25;}">
                <Coords points="327,2077 1785,2066 1785,2026 327,2028"/>
                <Baseline points="337,2062 409,2062 482,2062 554,2058 627,2059 699,2056 772,2056 844,2056 917,2057 989,2059 1062,2056 1134,2056 1207,2059 1279,2059 1352,2056 1424,2059 1497,2058 1569,2056 1642,2056 1714,2055 1787,2056"/>
                <TextEquiv>
                    <Unicode>forêts et des eaux s'ébattent dans les ondes qui étincellent au clair de lune et</Unicode>
                </TextEquiv>
            </TextLine>
            <TextLine id="tr_1_tl_27" custom="readingOrder {index:26;}">
                <Coords points="325,2115 1779,2106 1743,2057 325,2079"/>
                <Baseline points="334,2101 406,2099 479,2101 551,2098 624,2098 696,2095 769,2095 841,2095 914,2095 986,2095 1059,2095 1131,2096 1204,2095 1276,2095 1349,2095 1421,2095 1494,2093 1566,2095 1639,2095 1711,2092 1784,2092"/>
                <TextEquiv>
                    <Unicode>reflètent de nombreux châteaux-forts, témoins de la splendeur passée, de la</Unicode>
                </TextEquiv>
            </TextLine>
            <TextLine id="tr_1_tl_28" custom="readingOrder {index:27;}">
                <Coords points="325,2146 1788,2143 1739,2095 325,2115"/>
                <Baseline points="334,2140 410,2140 487,2138 564,2137 641,2134 717,2137 794,2134 871,2137 948,2134 1025,2137 1101,2134 1178,2134 1255,2134 1332,2134 1409,2134 1485,2134 1562,2134 1639,2133 1716,2134 1793,2128"/>
                <TextEquiv>
                    <Unicode>chevalerie et de la gloire guerrière disparue. Le fleuve tourbillonne dans les</Unicode>
                </TextEquiv>
            </TextLine>
            <TextLine id="tr_1_tl_29" custom="readingOrder {index:28;}">
                <Coords points="325,2188 1779,2186 1779,2143 325,2144"/>
                <Baseline points="334,2179 406,2179 479,2176 551,2176 624,2173 696,2173 769,2174 841,2173 914,2173 986,2173 1059,2173 1131,2173 1204,2173 1276,2173 1349,2173 1421,2173 1494,2173 1566,2173 1639,2172 1711,2171 1784,2170"/>
                <TextEquiv>
                    <Unicode>rapides de Saint-Jean, bouillonne en cascades, et ses ondes écumantes se frayent</Unicode>
                </TextEquiv>
            </TextLine>
            <TextLine id="tr_1_tl_30" custom="readingOrder {index:29;}">
                <Coords points="327,2221 1788,2221 1788,2188 327,2192"/>
                <Baseline points="337,2214 409,2217 482,2215 555,2213 628,2214 701,2209 773,2211 846,2214 919,2211 992,2214 1065,2211 1137,2211 1210,2211 1283,2211 1356,2211 1429,2211 1501,2210 1574,2208 1647,2207 1720,2208 1793,2208"/>
                <TextEquiv>
                    <Unicode>violemment passage entre les parois du rocher, pour gagner le large lit dans</Unicode>
                </TextEquiv>
            </TextLine>
            <TextLine id="tr_1_tl_31" custom="readingOrder {index:30;}">
                <Coords points="327,2267 1093,2298 1788,2267 1788,2225 1692,2210 327,2217"/>
                <Baseline points="337,2253 409,2253 482,2256 555,2255 628,2250 701,2250 773,2250 846,2253 919,2251 992,2253 1065,2252 1137,2253 1210,2250 1283,2250 1356,2250 1429,2250 1501,2250 1574,2250 1647,2250 1720,2250 1793,2247"/>
                <TextEquiv>
                    <Unicode>lequel ils coulent,majestueux et tranquilles,devant Prague,au pied du vénérable</Unicode>
                </TextEquiv>
            </TextLine>
            <TextLine id="tr_1_tl_32" custom="readingOrder {index:31;}">
                <Coords points="325,2336 436,2301 506,2314 631,2290 664,2312 692,2296 810,2300 810,2259 507,2258 438,2276 327,2265"/>
                <Baseline points="337,2292 362,2295 387,2297 412,2294 437,2292 462,2292 487,2292 512,2292 537,2292 562,2292 588,2290 613,2288 638,2287 663,2287 688,2289 713,2289 738,2289 763,2291 788,2292 814,2292"/>
                <TextEquiv>
                    <Unicode>château-fort de Vysehrad</Unicode>
                </TextEquiv>
            </TextLine>
            <TextLine id="tr_1_tl_33" custom="readingOrder {index:32;}">
                <Coords points="398,2345 1785,2349 1785,2265 398,2309"/>
                <Baseline points="408,2331 477,2333 546,2331 615,2331 684,2328 753,2330 822,2330 891,2328 960,2328 1029,2331 1099,2328 1168,2328 1237,2328 1306,2328 1375,2328 1444,2328 1513,2328 1582,2328 1651,2328 1720,2326 1790,2328"/>
                <TextEquiv>
                    <Unicode>Puis, les flots disparaissent dans le lointain ou le regard du Poète ne peut</Unicode>
                </TextEquiv>
            </TextLine>
            <TextLine id="tr_1_tl_34" custom="readingOrder {index:33;}">
                <Coords points="321,2391 391,2393 412,2383 456,2391 489,2380 515,2389 540,2378 613,2385 613,2343 511,2334 480,2352 392,2332 321,2340"/>
                <Baseline points="331,2376 357,2373 383,2373 409,2373 435,2373 461,2373 487,2373 513,2371 539,2370 565,2370 591,2370 617,2370"/>
                <TextEquiv>
                    <Unicode>plus les suivre.</Unicode>
                </TextEquiv>
            </TextLine>
            <TextLine id="tr_1_tl_35" custom="readingOrder {index:34;}">
                <Coords points="1144,2429 1248,2433 1279,2414 1298,2411 1298,2367 1287,2365 1281,2371 1270,2363 1226,2378 1177,2374 1170,2380 1144,2369"/>
                <Baseline points="1155,2393 1184,2393 1213,2393 1242,2393 1271,2393 1301,2393"/>
                <TextEquiv>
                    <Unicode>2.°</Unicode>
                </TextEquiv>
            </TextLine>
            <TextLine id="tr_1_tl_36" custom="readingOrder {index:35;}">
                <Coords points="1278,2466 1365,2433 1422,2455 1502,2431 1555,2431 1593,2460 1630,2451 1632,2351 1606,2336 1537,2369 1520,2360 1445,2374 1424,2362 1363,2382 1281,2369"/>
                <Baseline points="1289,2429 1315,2424 1342,2423 1368,2423 1395,2421 1422,2420 1448,2420 1475,2420 1501,2420 1528,2420 1555,2419 1581,2415 1608,2415 1635,2417"/>
                <TextEquiv>
                    <Unicode>JOH. STRAUSS</Unicode>
                </TextEquiv>
            </TextLine>
            <TextLine id="tr_1_tl_37" custom="readingOrder {index:36;}">
                <Coords points="314,2447 420,2438 496,2471 575,2435 746,2462 920,2433 920,2383 883,2363 766,2393 692,2365 566,2391 316,2385"/>
                <Baseline points="325,2429 355,2428 385,2426 415,2426 445,2425 475,2423 505,2423 535,2423 565,2423 595,2421 625,2421 655,2423 685,2423 715,2422 745,2420 775,2422 805,2423 835,2423 865,2423 895,2423 925,2423"/>
                <TextEquiv>
                    <Unicode>4. Kunstlerleben (valse)</Unicode>
                </TextEquiv>
            </TextLine>
            <TextLine id="tr_1_tl_38" custom="readingOrder {index:37;}">
                <Coords points="947,2542 1006,2517 1022,2526 1033,2518 1051,2531 1099,2533 1121,2518 1141,2531 1188,2528 1186,2464 1144,2464 1115,2449 1082,2469 1062,2458 1044,2464 1026,2449 945,2456"/>
                <Baseline points="958,2495 984,2495 1010,2495 1036,2495 1062,2496 1088,2498 1114,2498 1140,2498 1166,2500 1193,2501"/>
                <TextEquiv>
                    <Unicode>2me PARTIE</Unicode>
                </TextEquiv>
            </TextLine>
            <TextLine id="tr_1_tl_39" custom="readingOrder {index:38;}">
                <Coords points="1276,2590 1303,2584 1376,2608 1414,2593 1447,2608 1487,2592 1595,2608 1657,2597 1657,2524 1641,2518 1533,2546 1464,2518 1427,2539 1276,2529"/>
                <Baseline points="1286,2581 1312,2583 1339,2584 1365,2584 1392,2585 1419,2587 1445,2587 1472,2587 1499,2585 1525,2584 1552,2584 1579,2584 1605,2584 1632,2584 1659,2581"/>
                <TextEquiv>
                    <Unicode>C. GOLDMARK</Unicode>
                </TextEquiv>
            </TextLine>
            <TextLine id="tr_1_tl_40" custom="readingOrder {index:39;}">
                <Coords points="316,2612 381,2593 433,2617 628,2595 916,2610 916,2518 703,2550 316,2548"/>
                <Baseline points="325,2581 354,2587 384,2589 414,2587 443,2589 473,2590 503,2590 532,2588 562,2587 592,2587 622,2587 651,2587 681,2587 711,2587 740,2587 770,2587 800,2587 829,2587 859,2587 889,2589 919,2590"/>
                <TextEquiv>
                    <Unicode>5. Sakuntala (ouverture)</Unicode>
                </TextEquiv>
            </TextLine>
            <TextLine id="tr_1_tl_41" custom="readingOrder {index:40;}">
                <Coords points="1281,2659 1303,2666 1330,2646 1380,2663 1486,2652 1531,2668 1663,2657 1663,2595 1650,2592 1568,2612 1540,2597 1442,2612 1416,2595 1387,2610 1281,2582"/>
                <Baseline points="1292,2644 1318,2644 1345,2644 1371,2644 1398,2644 1425,2644 1451,2644 1478,2644 1505,2644 1531,2644 1558,2644 1585,2643 1611,2642 1638,2640 1665,2638"/>
                <TextEquiv>
                    <Unicode>PETER BENOIT</Unicode>
                </TextEquiv>
            </TextLine>
            <TextLine id="tr_1_tl_42" custom="readingOrder {index:41;}">
                <Coords points="321,2674 863,2657 863,2601 606,2595 433,2617 350,2601 321,2619"/>
                <Baseline points="331,2647 357,2649 384,2649 411,2648 438,2647 465,2647 492,2645 518,2645 545,2646 572,2647 599,2647 626,2645 653,2644 680,2644 706,2644 733,2644 760,2644 787,2644 814,2644 841,2644 868,2644"/>
                <TextEquiv>
                    <Unicode>6. Salut humoristique</Unicode>
                </TextEquiv>
            </TextLine>
            <TextLine id="tr_1_tl_43" custom="readingOrder {index:42;}">
                <Coords points="1281,2699 1323,2714 1444,2710 1498,2730 1591,2705 1754,2723 1754,2670 1694,2655 1537,2672 1484,2652 1413,2670 1330,2646 1281,2659"/>
                <Baseline points="1292,2698 1317,2701 1343,2704 1369,2704 1395,2704 1421,2704 1447,2703 1473,2701 1499,2701 1525,2701 1550,2701 1576,2701 1602,2701 1628,2701 1654,2701 1680,2701 1706,2701 1732,2701 1758,2701"/>
                <TextEquiv>
                    <Unicode>CAM. SAINT-SAENS</Unicode>
                </TextEquiv>
            </TextLine>
            <TextLine id="tr_1_tl_44" custom="readingOrder {index:43;}">
                <Coords points="330,2734 1079,2725 1068,2655 330,2672"/>
                <Baseline points="340,2707 377,2707 414,2705 451,2704 488,2703 525,2701 562,2701 600,2703 637,2704 674,2704 711,2704 748,2704 785,2704 822,2704 860,2704 897,2704 934,2704 971,2704 1008,2704 1045,2704 1083,2704"/>
                <TextEquiv>
                    <Unicode>7. Henry VIII (ballet de l’opéra)</Unicode>
                </TextEquiv>
            </TextLine>
            <TextLine id="tr_1_tl_45" custom="readingOrder {index:44;}">
                <Coords points="434,2774 1117,2759 1117,2721 812,2712 745,2741 672,2716 484,2716 434,2739"/>
                <Baseline points="444,2758 477,2758 511,2758 545,2758 579,2758 612,2758 646,2758 680,2758 714,2758 747,2754 781,2752 815,2753 849,2755 882,2755 916,2755 950,2755 984,2755 1017,2755 1051,2755 1085,2754 1119,2752"/>
                <TextEquiv>
                    <Unicode>A) Introduction. — Entrée des Clans</Unicode>
                </TextEquiv>
            </TextLine>
            <TextLine id="tr_1_tl_46" custom="readingOrder {index:45;}">
                <Coords points="434,2796 911,2803 938,2831 1068,2834 1166,2816 1168,2759 434,2774"/>
                <Baseline points="444,2793 480,2795 516,2796 553,2795 589,2794 626,2796 662,2796 699,2794 735,2793 772,2793 808,2793 844,2793 881,2793 917,2793 954,2793 990,2793 1027,2793 1063,2793 1100,2793 1136,2794 1173,2796"/>
                <TextEquiv>
                    <Unicode>B) Idylle écossaise. c) Danse de la Gipsy.</Unicode>
                </TextEquiv>
            </TextLine>
            <TextLine id="tr_1_tl_47" custom="readingOrder {index:46;}">
                <Coords points="431,2851 686,2843 710,2860 734,2842 776,2845 776,2807 741,2800 540,2814 529,2803 473,2812 431,2800"/>
                <Baseline points="441,2835 467,2835 493,2835 519,2836 545,2837 571,2837 597,2835 623,2835 649,2835 675,2835 701,2835 727,2835 753,2834 779,2832"/>
                <TextEquiv>
                    <Unicode>D) Gigue et finale.</Unicode>
                </TextEquiv>
            </TextLine>
            <TextLine id="tr_1_tl_48" custom="readingOrder {index:47;}">
                <Coords points="1281,2927 1340,2929 1383,2904 1489,2920 1513,2905 1615,2913 1666,2898 1666,2845 1604,2847 1575,2821 1555,2834 1531,2825 1489,2851 1455,2823 1389,2854 1347,2818 1281,2838"/>
                <Baseline points="1292,2883 1317,2885 1342,2886 1367,2886 1393,2886 1418,2886 1443,2887 1468,2889 1494,2887 1519,2886 1544,2886 1569,2886 1595,2886 1620,2886 1645,2886 1671,2886"/>
                <TextEquiv>
                    <Unicode>EM. CHABRIER</Unicode>
                </TextEquiv>
            </TextLine>
            <TextLine id="tr_1_tl_49" custom="readingOrder {index:48;}">
                <Coords points="312,2909 854,2907 854,2843 807,2829 717,2862 683,2842 411,2842 383,2867 312,2849"/>
                <Baseline points="322,2892 348,2892 375,2892 402,2892 429,2891 456,2889 483,2891 509,2892 536,2892 563,2892 590,2892 617,2892 644,2892 671,2892 697,2892 724,2892 751,2892 778,2892 805,2892 832,2891 859,2889"/>
                <TextEquiv>
                    <Unicode>8. Espaὄa (rhapsodie)</Unicode>
                </TextEquiv>
            </TextLine>
        </TextRegion>
    </Page>
</PcGts>
