2056 3370
306 220 1584 313 Koninklijke Maatschappij van Dierkunde
709 311 1191 398 van Antwerpen
244 449 1648 549 Donderdag 10 Augustus 1905, te 8 uren ’s avonds
1151 629 1600 753 Coneer
236 546 1049 746 Symfonisch
253 768 1653 851 DOOR HET ORKEST DER MAATSCHAPPIJ
382 858 1519 931 onder de leiding van M. EDMARD REURVELS
897 928 1008 1035 &C.
704 1024 1180 1139 programma
886 1142 1048 1213 1e DEEL
1260 1179 1559 1271 W. DE MOL
231 1208 1197 1286 1. Nederland! (dramatisch openingstuk)
1246 1253 1590 1330 GABR. SEBEK
235 1269 935 1344 2. Twee Bulgarische dansen
1259 1317 1479 1395 G. Bizet
244 1331 622 1408 3 Kinderspelen
398 1377 966 1444 a) Marsch (Trompet en Trom).
393 1431 815 1486 b) Wiegelied (de Pop).
393 1471 806 1519 c) Impromptu (de Tol-
398 1499 1059 1559 d) Tweezang (Mannetje, Vrouwtje).
400 1551 855 1610 e) Galop (het Dansfeest)
1240 1580 1499 1648 FR. Liszt
242 1582 1073 1662 4. Pester-Carnaval (6de Rhapsodie)
895 1651 1060 1733 2e DEEL
1251 1681 1659 1775 AUG. DE BOECK
251 1699 806 1782 5. Inhuldigingsmarsch
315 1761 1226 1842 Tábor (5de symfonisch gedicht uit den
1264 1784 1610 1888 FR. SMETANA
453 1817 1017 1893 cyclus Mijn Vaderland)
331 1875 1049 1937 " Gij, die Gods heldenscharen zijt!....“
338 1912 1711 1979 Geheel de christene wereld weergalmde eens van dit lied, door de Husiten
249 1946 1708 2019 aangeheven in hunnen burcht Tabor. Daar werden de grondvesten gelegd var
256 1984 1708 2052 een vasten zetel, welke een steun voorde strijders, een bolwerk voor de vrijheid
262 2032 1460 2097 het uitgangspunt en het toevluchtsoord van het geloof zou worden.
336 2046 1708 2133 Die verhevene zang ontvlamde de Taboristen niet alleen tot dapperheid
255 2104 1710 2170 wanneer zij, hunne overtuiging getrouw, uittrokken ter verdediging hunner
262 2148 1708 2215 grootsche denkbeelden, — doch hij verleende hun tevens een onwillbaa.
264 2175 1717 2250 vertrouwen in de zegepraal hunner heilige zaak. Ook tijdens de kruistochten
262 2226 1708 2283 (tegen Bohemen) weerklonk die zang in hunne rangen tot afschrik der vijanden
262 2255 1708 2324 aan wie hij verkondde dat de Taboristen niet geneigd waren af te zien van de
255 2301 1615 2363 aangenomen gelootspunten, moesten zij daarvoor ook den dood ondergaan.
1277 2332 1721 2413 C. M. VONWEBER
267 2372 857 2432 7. Uitnoodiging ten dans
1269 2397 1661 2470 RICH. WAGNER
264 2417 1153 2492 8. De Meesterzangers van Nürnberg
464 2463 689 2524 (voorspel)
296 2481 1722 2574 N.B. — Gedurende de Kermis zullen de volgende Concerten plaats hebben :
269 2561 1206 2635 Zondag 13 Augustus, te 3 1/2 uren : Militair Concert.
658 2583 1526 2644 van 7 tot 9 uren’s avonds: Symfonisch Concert.
346 2612 455 2657 „ »
273 2617 1728 2704 Maandag 14 Augustus, te 3 1/2 uren : Concert door de Maatschappij « De Volks¬
309 2681 775 2726 vrienden „ van Berchem.
278 2684 1733 2783 Dinsdag 15 Augustus, te 3 1/2 uren : Concert door de Maatschappij Antwerpsche
318 2763 511 2814 Harmonie.
278 2779 1182 2854 Dinsdag 15 Augustus, te 8 uren : Militair Concert.
286 2812 1279 2879 Woensdag 16 Augustus, te 3 1/2 uren : Militair Concert
282 2866 1284 2930 Donderdag 17 Augustus, te 3 1/2 uren Militair Concert
720 2877 1573 2955 te 8 uren: Symfonisch Concert. — Verlichting.
282 2943 1271 3001 Zaterdag 19 Augustus, te 3 1/2 uren : Militair Concert.
276 2983 1228 3059 Zondag 20 Augustus, te 3 1/2 uren : Militair Concert.
666 2992 1733 3066 te 8 uren: Buitengewoon Symfonisch Concert, met de
315 3048 1682 3136 medewerking der Koninklijke Zangmaatschappij « Breda's Mannenkoor ».
327 3110 546 3172 Verlichting.
