2056 3370
530 219 1646 298 Société Royale de Zoologle d’Anvers
497 353 1648 439 Jeudi 10 Août 1905, à 8 heures du soir
402 435 1807 629 Concert de Symphonie
452 657 1714 746 PAR L’ORCHESTRE DE LA SOCIÉTÊ
521 752 1646 814 sous la direction de M. ED daRD REURVELS
1019 823 1143 933 &c.
856 922 1315 1042 programme
986 1030 1209 1110 1re PARTIE
360 1103 1251 1178 I. Néerlande! (ouverture dramatique)
1379 1112 1671 1185 W. DE MOL
415 1170 956 1251 Deux danses bulgares
1370 1180 1699 1251 GABR. SEBEK
424 1229 788 1304 Jeux d’enfants
1370 1234 1598 1304 G. Bizet
508 1287 1174 1344 a) Marche (Trompette et Tambour)
512 1335 958 1388 b) Berceuse (la Poupée)
516 1364 991 1426 c) Impromptu (la Toupie)
516 1406 1158 1474 d) Duo (petit Mari, petite Femme).
516 1452 827 1509 e) Galop (le Bal)
351 1489 1200 1573 4. Pester-Carnaval (6e Rhapsodie)
1361 1490 1549 1565 FR. Lis
967 1551 1216 1648 2me PARTIE
1370 1618 1765 1697 AUG. DE BOECK
357 1631 894 1703 5. Marche inaugurale
432 1686 1714 1765 Tábor (5e poème symphonique du cycle Ma Patric) FR. SMETANA
433 1750 1355 1790 « Vous, qui de Dieu êtes les légions héroïques!... »
433 1761 1816 1832 Il fut une époque où toule la chrétienté retentit de cet hymne, enionné par
362 1827 1823 1874 les Hussites dans leur bourg Tabor. Là, furent établies les fondations d'une
357 1862 1818 1913 résidence, qui serait à la fois un soutien pour les combattants, un rempart pour
357 1904 1339 1948 la liberté, un point de départ et un refuse pour la Foi.
443 1935 1821 1990 Non seulement cet hymne auguste enflammait les Taborites, les incitait à
357 1984 1812 2026 la vaillance lorsque, fidèles à leur conviction, ils se mettaient en campagne pour
362 2019 1816 2065 la défense de leur noble idéal, — mais encore les remplissait-il d’une confiance
357 2061 1818 2116 inébranlable dans le triomphe de leur cause sacrée. Aussi ce chant tonna-t-il
360 2107 1809 2143 dans leurs rangs, pendant les croisades (contre la Bohême) et apprit-il à l'enne
357 2136 1818 2194 mi effrayé que les Taborites resteraient fidèles aux articles de foi adoptés,
357 2180 1024 2240 dussent-ils pour cela subir le trépas.
1381 2207 1827 2293 C. M. VONWEBER
362 2224 1009 2302 7. L'invitation à la danse
1377 2277 1757 2343 RICH. WAGNER
364 2277 1331 2354 8. Les Maîtres Chanteurs de Nuremberg
563 2339 759 2414 (prélude
391 2383 1825 2467 N. B. — Pendant la Kermesse les Concerts seront donnés dans l’ordre suivant:
360 2454 1337 2516 Dimanche 13 Août, à 3 1/2 heures : Concert Militaire.
721 2489 1461 2540 de 7 à 9 heures : Concert Symphonique.
360 2515 1827 2591 Lundi 14 Août, à 3 1/2 heures : Concert par la Société « De Volksvrienden » de
399 2577 591 2624 Berchem
357 2599 1772 2663 Mardi 15 Août, à 3 1/2 heures : Concert par la Société Antwerpsche Harmonie.
415 2659 1178 2694 » „ » à 8 heures : Concert Militaire.
360 2688 1315 2738 Mercredi 16 Août, à 3 1/2 heures : Concert Militaire.
357 2730 1236 2771 Jeudi 17 Août, à 3 1/2 heures : Concert Militaire
391 2772 1514 2809 » » „ à 8 heures : Concert Symphonique. Ilumination.
360 2805 1267 2857 Samedi 19 Août, à 3 1/2 heures : Concert Militaire
357 2846 1319 2899 Dimanche 20 Août, à 3 1/2 heures : Concert Militaire
710 2857 1818 2933 à 8 heures : Concert symphonique extraordinaire avec le
391 2913 1825 2977 concours de la Société Royale de Chant “Breda’s Mannenkoor“. — Ilumination.
1159 2972 1774 3078 Imp. F. Janssens-Anthonis. — Anvers.
