2056 3370
352 419 1618 510 Koninklijke Maatschappij van Dierkunde
742 508 1236 594 van Antwerpen
317 663 1648 745 Zondag 13 Augustus 1905, te 7 uren ’s avonds
257 847 1708 1032 Symionisch concert
840 1035 920 1092 F S
279 1030 1682 1115 DOOR HET ORKEST DER MAATSCHAPPIJ
410 1135 1542 1227 onder de leiding van M. EDMARD REURVELS
911 1219 1028 1336 FJ
727 1347 1194 1474 programma
895 1505 1070 1566 1° DEEL
237 1607 984 1680 I. De Zigeunerin (opingstuk)
1307 1593 1648 1675 B. W. BAL "E
237 1660 964 1724 2. De boorden van den Donau
1307 1668 1551 1751 E. DAVAN
432 1730 981 1795 (Hongaarsche fantazie)
250 1779 824 1852 3. Le Caïd (bloemlezing)
1299 1775 1666 1859 AMB. THOMAS
241 1837 762 1914 4. Madrileensch feest
1309 1843 1711 1935 FR. PERPIGNAN
880 1928 1057 2019 2e DEEL
237 1994 693 2076 5. Jubelouverture
1299 2025 1702 2096 JOS. CALLAERTS
241 2074 900 2147 6. Twee Spaansche dansen
1312 2089 1571 2176 JANE VIEU
332 2145 1157 2225 A) Habanera (Andaloezische dans)
332 2202 979 2264 B) Malaguena (waaierdans)
242 2262 964 2322 7. Don Giovanni (bloemlezing)
1299 2238 1680 2342 W. A. MoZART
392 2302 906 2373 Fluit-Solo : M. Hipp. Vinck
241 2347 678 2439 8. Follette (wals)
1299 2362 1627 2435 ERN. GILLET
246 2455 1689 2531 Maandag 14 Augustus, te 3 1/2 uren : Concert door de Maatschappij « De Volks-
279 2499 718 2557 vrienden - van Berchem
242 2524 1708 2612 Dinsdag 15 Augustus, te 3 1/2 uren : Concert door de Maatschappij “ Antwerpsche
279 2579 508 2626 Harmonie ».
246 2610 1132 2668 Dinsdag 15 Augustus, te 8 uren : Militair Concert
246 2654 1261 2714 Woensdag 16 Augustus, te 3 1/2 uren : Militair Concert
237 2692 1258 2747 Donderdag 17 Augustus, te 3 1/2 uren: Militair Concert.
680 2745 1285 2785 te 8 uren: Symfonisch Concert.
1314 2716 1549 2808 Verlichting
241 2772 1221 2830 Zaterdag 19 Augustus, te 3 i/2 uren : Militair Concert.
237 2814 1197 2865 Zondag 20 Augustus, te 3 1/2 uren: Militair Concert.
629 2850 1702 2914 te 8 uren: Buitengewoon Symfoniseh Concert, met de
275 2885 1648 2949 medewerking der Koninklijke Zangmaatschappij « Breda s Mannenkoor ».
279 2921 508 2987 Verlichting
1771 1183 1875 1314 !
