2056 3370
407 383 1672 486 Koninklijke Maatschappij van Dierkunde
799 486 1289 566 van Antwerpen
325 617 1741 721 Donderdag 24 Augustus 1905, te 8 uren ’s avonds
329 753 1133 969 Symtonisch
1251 793 1762 947 Concert
330 962 1737 1073 DOOR HET ORKEST DER MA�TSCHAPPIJ
466 1098 1601 1158 onder de leiding van M. EDWERD REURVELS
975 1163 1093 1274 &c
770 1285 1251 1434 programma
946 1437 1120 1530 1° DEEL
299 1528 770 1623 I. Kroningsmarsch
1367 1532 1750 1623 JOH. SVENDSEN
298 1615 1015 1684 2. Ligho (symfonisch tafereel).
1374 1621 1706 1712 JOS. WITHOL
378 1684 1753 1762 Het heilig bosch op de hoogte van den Blauwen berg bij mane schijn. De
289 1712 1750 1802 kalmte des nachts wordt onderbroken door het geschal der trompetten, welke
298 1768 1750 1842 het Lettische volk oproepen, om hulde te brengen aan de goden.Het volk begroet
298 1804 1750 1875 de priesters Percon en Poirimp. en omringd het altaar van Ligho, den god der
298 1846 1750 1920 liefde en van den overvloed. Na de offerplechtigheid beginnen de vermakelijk-
298 1888 1753 1960 heden; spel en dans wisselen af met liederen ter eere van Ligho.Trompetgeschal
299 1924 1751 2022 kondigt het einde van het feest aan; de kalmte des nachts heerscht opnieuw in
296 1962 581 2026 het heilig oord¬
298 2018 682 2096 3. Concertwals.
1367 2029 1670 2120 IGN. BRÜLL
285 2100 869 2185 4. Harald (openingstuk)
1361 2116 1650 2212 X. LEROUX
927 2205 1109 2289 2e DEEL
292 2294 882 2385 5. Fiesque (opingstuk)
1358 2283 1614 2394 ED. LALO
287 2387 1312 2476 6. Kassya (danstooneelen uit het zangspel)
1363 2392 1693 2497 LÉO IELIBES
359 2447 1378 2539 a) Obertas ; b) Ruthenische dans ; c) Sumka ; d) Trepak
289 2525 759 2606 7. Thaïs (meditatie)
1359 2528 1690 2639 J. MASSENET
407 2599 998 2681 Viool-solo : H. Edm. De Herdt
272 2670 869 2772 8. De Rit der Walkuren
1347 2657 1748 2766 RICH. WAGNER
1060 2853 1690 2946 Drukk. F. Janssens-Anthonis, Antwerpen
