2056 3370
539 310 1647 417 Société Royale de Zoologle d’Anvers
589 482 1600 566 Jeudi 24 Août 1905, à 8 heures du soir
390 611 1814 847 Concert de Symphonie
461 840 1718 936 PAR L'ORCHESTRE DE LA SOCIÉTÉ
521 952 1645 1034 sous la direction de M. accavo KEURVELS
1019 1023 1123 1146 &c.
851 1157 1313 1300 programme
983 1306 1203 1384 1re PARTIE
350 1388 1054 1476 I. Marche du Couronnement
1427 1404 1806 1496 JOH. SVENDSEN
354 1473 1101 1551 2. Ligho (tableau symphonique)
1435 1487 1759 1573 JOS. WITHOL
428 1556 1806 1623 Le saint bocage sur la cime du Mont-Bleu, au clair de lune. Le calme de la
352 1600 1803 1665 nuit est interrompu par les sons des trompettes, qui convoquent le peuple lette
357 1658 1803 1698 pour rendre hommage aux Dieux. Le peuple salue les prêtres Percon et Potrimpe
352 1694 1803 1739 et entoure l'autel de Ligho, le dien de l’amour et de l'abondance. Après le sacri¬
357 1727 1803 1779 fices commencent les réjouissances; le jeu et la danse alternent avec des cbants
352 1765 1805 1836 qui célèbrent Ligho. Les sons des trompettes annoncent alors la fin de la fête, et
352 1805 1342 1884 le calme de la nuit règne de nouveau dans le lieu sacré.
981 1846 1103 1932 is.
352 1846 827 1941 3. Valse de concert
1427 1868 1718 1955 IGN. BRÜLL
348 1935 867 2024 4. Harald (ouverture)
1418 1950 1712 2039 X. LEROUX
950 2040 1197 2135 2me PARTIE
345 2138 878 2225 5. Fiesque (ouverture)
1426 2146 1681 2233 ED. LALO
345 2220 1061 2314 6. Kassya (ballet de l’opéra).
1422 2229 1759 2325 LÉO DELIBES
419 2303 1391 2376 a) Obertas ; b) Danse ruthène ; c) Sumka ; d) Trepak.
343 2371 876 2450 7. Thaïs (méditation).
1417 2343 1745 2470 J. MASSENET
461 2441 1076 2516 Violon-Solo : M. Edin. De Herdt.
334 2525 1172 2606 8. La Chevauchée des Walkyries
1398 2508 1812 2615 RICH. WAGNER
