2056 3370
498 299 1600 386 Société Royale de Zoologie d’Anvers
547 476 1550 551 Jeudi 31 Août 1905, à 8 heures du soir
357 583 1772 784 Concert de Symphonie
428 819 1685 908 PAR L’ORCHESTRE DE LA SOCIÉTÉ
489 908 1621 1013 sous la direction de M. accavo KEURVels
994 999 1107 1107 & c.
818 1102 1298 1241 programme
951 1266 1184 1333 Ire PARTIE
327 1328 823 1420 I. Marche guerrière
1285 1344 1639 1418 FR. SCHUBERT
322 1401 903 1475 2. Au Royaume des fées
923 1395 1239 1475 (scènes de ballet).
1280 1402 1619 1474 F. H. Cowen
322 1454 988 1546 3. Rapsodie suédoise (n° 2).
1289 1459 1731 1541 ANDRÉAS HALLEN
327 1522 606 1602 4. Hamlet.
1276 1527 1769 1605 ED daRb/hD keurvels
446 1562 1230 1655 (introduction pour la tragédie de Shakespeare
935 1671 1180 1756 2me PARTIE
332 1726 899 1829 5. Rob Roy (ouverture)
1282 1742 1721 1834 HECTOR BERLIOZ
446 1809 1184 1881 Solistes : Mlle Thilla Ontrop (Harpe)
451 1856 848 1929 M. Rovies (Hautbois)
327 1904 1756 1971 6. Danse macabre (poème symphonique) CAM. SAINT-SAENS
613 1966 1216 2023 Violon-solo: M. Edm. De Herdt.
443 2007 1100 2060 Zig et Zig et Zig, la mort en cadence
441 2053 1111 2096 Frappant une tombe avec son talon
446 2097 1164 2142 La Mort à minuit joue un air de danse,
450 2133 1058 2195 Zig et Zig et Zag, sur son violon
446 2172 1280 2240 Le vent d’hiver souffle, et la nuit est sombre ;
446 2229 1148 2279 Des gémissements sortent des tilleuls :
451 2273 1260 2316 Les Squelettes blancs vont à travers l’ombre
455 2304 1273 2352 Courant et sautant sous leurs grands linceuls.
451 2359 1143 2412 Zig et Zig et Zig, chacun se trémousse
455 2405 1168 2471 On entend claquer les os des danseurs,
446 2481 1221 2579 Mais psit! tout à coup on quitte la ronde,
455 2560 1148 2620 On se pousse, on fuit, le coq a chanté.
915 2648 1198 2741 HENRI CAZALIS
1280 2688 1616 2800 J. MASSENET
343 2709 1031 2791 7. Trois scènes des Erinnyes
451 2776 787 2835 (a) Danse grecque.
451 2803 1120 2881 b) Laente regrettant sa patrie.
455 2860 651 2944 c) Finale.
1134 2983 1747 3068 Imp. F. Janssens-Anthonis. — Anvers.
