2056 3370
416 326 1675 442 Koninklijke Maatschappij van Dierkunde
808 413 1300 515 van Antwerpen
326 531 1759 677 Donderdag 21 September 1905, te 8 uren ’s avonds
318 686 1759 886 Symlonisch Concert
336 877 1733 993 DOOR HET ORKEST DER MAATSCHAPPIN
460 986 1593 1084 onder de leiding van M. ED kan Deurvels
966 1062 1069 1171 86
806 1180 1282 1304 programma
940 1308 1113 1384 1° DEEL
286 1388 1206 1459 I. Agneessens (dramatisch openingstuk
1226 1368 1562 1479 H. VAELPUT
284 1450 1186 1515 2. Polyeucte (Feest in den Tempel van Jupiter
1226 1453 1535 1539 EDG. TINEL
358 1486 1339 1590 (Nr 2 uit de symfonische suite voor Corneille’s treurspel)
351 1553 1197 1624 a) Sioet ; b) Dansen ; c) Schielijke inval van
358 1590 769 1655 Tolyeucte en Nearcus.
349 1631 726 1706 Komarinskaja
1215 1651 1595 1742 M. IW. GLernka
353 1693 982 1771 (fantazie op Russische volksliederen)
336 1762 933 1819 Peer Gynt (1e orkestsuite
1215 1762 1520 1851 EDV. GRIEG
344 1810 1333 1884 a) Zomermorgen in het Noorweegsche gebergte.
346 1831 633 1897 b) Ase's dood
347 1879 1731 1977 Ase, de oude moeder van Peer, ligt te zieltogen. Bij het bed gezeten zijner
271 1921 1733 2008 s'ervende moeder, vertelt Gynt haar eene der menigvuldige legenden,waarmede
273 1957 1733 2070 zij hem in zijne kindschheid zoo vaak wiegde. Als hei vertelsel eindigt, ontslaapt
273 1993 356 2052 Ase
338 2013 675 2086 c) Anitra’s dans
336 2070 1730 2170 Peer Gynt verbeeldt zich Keizer en Profeet te zijn. In de tent van een
273 2119 1721 2203 Arabisch opperhoofd, ligt hij uitgestrekt op een divan. Anitra dochter van der
271 2150 1355 2226 hoofdman, en hare gezellinnen, dansen en zingen voor hem.
335 2193 1048 2259 d) In de halle van den Bergkoning.
338 2237 1721 2323 Aan het koninklijk hof. Berggeesten en Kabouiers vieren bij dans en
269 2266 1724 2366 vreugdegeroep de verloving van Peer Gynt met ’s konings dochter. De krocht
269 2301 1410 2399 stort in, en alles verzwindt bij eenen laatsten ruwen schreeuw.
904 2379 1079 2444 2° DEEL
253 2426 844 2512 5. Egmont (openingstuk)
1195 2452 1684 2535 L. VAN BEethoven
256 2479 1160 2566 6. De Meesterzangers van Nürnberg.
1195 2514 1573 2601 RICH. WAGNER
358 2539 1046 2641 (bloemlezing door J. Dupont)
327 2594 586 2663 Volksfeest
1189 2628 1559 2724 PETER BENOIT
351 2668 1277 2750 (uit het lyrisch drama De Pacificatie van Gent)
353 2721 1708 2835 Optocht der Edelen, Gilden, Kamers van Rhetorika met hunne pijpers en
249 2748 722 2810 narren. — Volksvreugde.
286 2801 1508 2895 Zondag 1 en Maandag 2 October, van 11 tot 5 1/2 uren. —
1524 2821 1699 2917 Tentoon-
251 2845 1693 2952 stelling van Cactus-Dahliënbloemen, door M. Fr. Nagels, bloem- en boomkwee
253 2888 544 2943 ker, te Wilryck
286 2937 1701 3028 Zondag 1 October, om 11 uren, vlaamsch onderhoud; om 12 uren., fransch
246 2977 1699 3068 onderhoud, door M. Charles de Bosschere, over de geschiedenis en de kweek der
247 3006 551 3070 Cactus-Dahliën.
