2056 3370
473 324 1577 416 Société Royale de Zoologle d’Anvers
434 457 1595 553 Jeudi 21 Septembre 1905. à 8 heures du soir
329 563 1735 770 Concert de Symphonie
398 781 1660 877 PAR L'ORCHESTRE DE LA SOCIÉTÉ
463 898 1589 986 sous la direction de M. EDWERD REURVELS
976 986 1076 1091 86
796 1087 1264 1213 programme
932 1206 1157 1283 1re PARTIE
1240 1282 1580 1352 H. VAELPUT
364 1282 1204 1359 Agneessens (ouverture dramatique
1255 1343 1550 1422 EDG. TINEL
374 1363 1204 1422 Polyeucte (Fête dans le Temple de Jupiter
383 1408 1436 1487 (N° 2 de la suite symphonique pour la tragédie de Corneille)
378 1476 1213 1539 a) Cortège ; b) Danses ; c) Irruption soudaine
374 1508 896 1577 de Polyeucte et de Néarque.
1258 1528 1627 1629 M. IW. Glimka
373 1559 754 1631 Komarinskaja
387 1600 1089 1692 (fantaisie sur des airs populaires russes)
1249 1656 1568 1744 EDV. GRIEG
382 1672 1121 1735 Peer Gynt (1e suite d’orchestre)
374 1724 1382 1800 a) Matin d’été dans les montagnes norwégiennes
383 1775 756 1827 b) La mort d’Ase.
387 1771 1757 1856 La vieille Ase, mère de Peer, agonise. Le fils s’assied au pied du lit
315 1834 1760 1886 conte à sa mère mourante une des milles légendes dont elle le berçait pendant so
315 1881 1530 1931 sommeil d’enfant. Au dernier mot du conie, Ase expire doucement.
382 1926 833 1980 c. La danse d'Anitra.
387 1942 1717 2012 Dans la tente d’un chef arabe, Peer Gynt, se croyant Empereur
328 1976 1762 2065 Prophète, est étendu sur un divan. Anitra, fille du chef, et ses compagnes danser
320 2041 736 2088 et chantent devant lui.
387 2059 1192 2117 d) Dans la halle du Roi des montagnes
392 2086 1762 2164 La cour du roi Gnômes, esprits et lutins fêtent de leurs danses et de leur
329 2142 1762 2207 cris les françailles de Gynt avec la tille du roi. Subitement la caverne s’écroule
333 2191 1021 2259 Tout disparai dans un grand cri final
936 2223 1177 2318 2me PARTIE
1267 2284 1728 2374 L VAN BEEHOVEN
333 2306 855 2381 5. Egmont (ouverture)
329 2371 1307 2432 6. Les Maîtres-Chanteurs de Nuremberg
1271 2407 1649 2493 RICH. WAGNER
443 2421 1129 2507 (transcription par J. Dupont)
1280 2477 1645 2552 PETER BENOIT
338 2493 783 2578 7. Fête populaire.
441 2540 1323 2615 (du drame lyrique La Pacification de Gand)
437 2597 1778 2657 Cortège des Nobles, des Gildes, des Chambres de Rhétorique avec leur
333 2653 1008 2705 « pijpers » et fous. — Joie populaire.
1535 2669 1778 2749 Exposition d
374 2675 1521 2765 Dimanche 1 et lundi 2 octobre, de 11 à 5 1/2 heures.
347 2743 1759 2799 fleurs coupées de Dahlia-Cactus par M. F. Nagels, horticulteur-pépiniériste,
344 2795 500 2848 Wilryck
382 2812 1780 2885 Dimanche 1 octobre, à 11 heures, causerie flamande ; à 12 heures. causer.
337 2853 1780 2927 française, par M. Charles de Bosschere, sur l’histoire et la culture des Dahlia
346 2916 479 2966 C „C die
1139 2961 1751 3033 Imp. F. Janssens-Anthonis. — Anvers.
