2056 3370
543 326 1645 424 Société Royale de Zoologie d’Anvers
441 481 1707 583 Dimanche 24 Septembre 1905, à 8 heures du soir
386 619 1801 854 Concert de Symphonie
912 858 1036 907 in
453 838 1716 940 PAR L'ORCHESTRE DE LA SOCIÉTÉ
525 956 1654 1033 sous la direction de M. EDWARD REURVELS
1029 1055 1135 1171 86
860 1184 1326 1315 programme
983 1340 1217 1432 1re PARTIE
357 1411 898 1510 I. Marche triomphale
1437 1448 1737 1548 J. RENSING
448 1503 1404 1595 (dédiée à S. M. le Roi à l’occasion du 75° anniversaire
437 1557 896 1630 de l'Indépendance belge)
353 1615 687 1705 2. Polonaise :
1437 1634 1814 1721 PETER BENOIT
366 1712 1342 1781 3. Der fliegende Holländer (transcription)
1439 1716 1821 1803 RICH. WAGNER
357 1779 956 1870 4. Sémiramis (ouverture)
1442 1792 1725 1880 G. RossINI
956 1894 1207 1971 2me PARTIE
352 1985 1391 2094 5. Maximilien Robespierre (ouverture dramatique
1435 2003 1739 2096 H. LITOLFF
423 2076 878 2167 Scènes alsaciennes
1432 2093 1768 2178 J. MASSENET
428 2165 1406 2224 a) Dimanche matin; b) Au Cabaret; c) Sous les Tilleuls
439 2209 1406 2278 (scène d’amour) ; Solistes MM. Jos. Van der Avort
446 2262 1406 2318 ( violoncelle) et J. Cootmans (clarinette) ; d) Dimanche
428 2302 759 2371 soir (la Retraite).
355 2366 778 2457 7. Phryné (valse)
1430 2366 1727 2468 L. GANNE
399 2508 1818 2566 Dimanche 1 et lundi 2 octobre, de 11 à 51/2 heures. — Exposition de
362 2537 1827 2617 fleurs coupées de Dahlia-Cactus par M. F. Nagels, horticulteur-pépiniériste, à
364 2586 539 2639 Wilryck.
390 2624 1809 2688 Dimanche 1 octobre, à 11 heures, causerie flamande; à 12 heures. causerée
357 2664 1803 2743 française, par M. Charles de Bosschere, sur l'histoire et la culture des Dahlia¬
357 2703 497 2761 Cactus
1155 2792 1756 2896 - Anvers. —    Anvers
1770 1053 1883 1175 5.
