2056 3370
300 437 1574 553 Koninklijke Maatschappij van Dierkunde
710 535 1195 633 van Antwerpen
231 687 1654 779 Donderdag 28 September 1905, te 8 uren ’s avonds
219 815 1667 1032 Symfonisch Concert
213 1021 1661 1151 DOOR HET ORKEST DER MAATSCHAPPIJ
363 1113 1506 1207 onder de leiding van M. EDWARD REURVELS
871 1202 976 1319 &C
727 1336 1198 1484 programma
840 1477 1027 1576 1° DEEL
208 1587 645 1692 I. Heldenmarsch
1151 1605 1621 1712 CAM. SAINT-SAENS
202 1694 1495 1773 2. Fantazie op Canadeesche volkswijzen PAUL GILSON
208 1748 1021 1860 3. Hänsel und Gretel (boemlezing)
1151 1757 1665 1862 EUG. HUMPERDINCK
201 1835 795 1936 4. Phædra (opingstuk)
1151 1840 1475 1929 J. MASSENET
831 1898 1023 2032 2° DEEL
208 2041 857 2146 5. Herfsttijd (opingstuk).
1146 2019 1455 2149 EDV. GRIEG
204 2127 1063 2258 Lohengrin (bloemlezing door Joz. Dupont)
1146 2136 1520 2239 RICH. WAGNER
268 2211 723 2303 Espanna (rhapsodie)
1151 2216 1516 2308 EM. CHABRIER
230 2306 1645 2427 Zondag 1 en Maandag 2 October, van 11 tot 5 1/2 uren. — Teitoon
195 2417 1643 2485 stelling van Cactus Dahliënbloemen, door M. Fr. Nagels, bloem- en boomkwee-
199 2458 502 2521 ker, te Wilryck
231 2505 1654 2568 Zondag 1 October, om 11 uren, vlaamsch onderhoud ; om 12 uren., fransch
199 2563 1648 2624 onderhoud, door M. Ci arles de Bosschere, over de geschiedenis en de kweek der
199 2597 513 2668 Cactus- Dahliën.
235 2659 1648 2740 Te 3 uren : Concert door de Fanfare-Maatschappij De Verbroedering der
201 2693 651 2802 Vlaamsche Tolbedienden
960 2793 1639 2919 Drukk. F. Janssens-Anthonis. — Antwerpen
