2056 3370
465 467 1757 600 Société Royale de Zoologie d'Anvers
437 684 1607 750 Jeudi 28 Septembre 1905, à 8 heures du soir
342 825 1740 1030 Concert de Symphonie
386 1027 1652 1168 PAR L'ORCHESTRE DE LA SOCIÉTÉ
448 1149 1583 1259 sous la direction de M. EDWERD REURVELS
959 1239 1078 1363 xx
785 1376 1254 1521 programme
917 1512 1157 1625 1r° PARTIE
284 1616 798 1718 I. Marche héroïque
1246 1607 1711 1724 CAM. SAINT-SAENS
282 1685 1197 1812 2. Fantaisie sur des mél odies popu¬
1246 1784 1592 1874 PAUL GILSON
434 1768 899 1874 laires canadiennes
1244 1850 1771 1969 EUG. HUMPERDINCK
285 1859 1157 1962 3. Hänsel und Gretel (transcription,
1241 1922 1566 2028 J. MASSENET
287 1934 813 2029 4. Phèdre (ouverture
900 2042 1157 2132 2mo PARTIE
1252 2086 1579 2264 EDV. GRIEG
291 2170 959 2269 5 En automne (ouverture)
1261 2245 1631 2337 RICH. WAGNER
296 2262 1149 2357 6. Lohengrin (transcription par Jos. Dupont
1246 2309 1621 2401 EM. CHABRIER
307 2320 818 2438 7. Espana (rapsodie)
333 2441 1762 2538 Dimanche 1 et lundi 2 octobre, de 11 à 51/2 heures. — Exposition de
296 2531 1768 2633 fleurs coupées de Dahlia-Cactus par M. F. Nagels, horticulteur-pépiriériste, à
309 2589 487 2666 Wiliyck.
333 2602 1771 2683 Dimanche 1 octobre, à 11 heures, causerte flamande ; à 12 heures. causerie
295 2663 1762 2789 française, par M. Charles de Bosschere, sur l'histoire et la culture des Dahlia¬
304 2738 454 2809 Cactus.
339 2767 1770 2869 A 3 heures : Concert par la Fanfare Verbroedering der Vlaamsche Tolbedienden.
1857 2180 1954 2342 ƒ
