2056 3370
513 395 1621 513 Société Royale de Zoologie d'Anvers
406 576 1721 692 Mercredi 15 Novembre 1905. à 8½ heures du soir
363 715 1768 937 Concert de Symphonie
447 938 1705 1039 PAR L'ORCHESTRE DE LA SOCIÉTÉ
502 1037 1636 1151 sous la direction de M. EDWARD KEURVLS
845 1140 1296 1216 et avec le concours de
470 1199 1657 1303 M. Arthur. VAN TOOREN (Pianiste)
1017 1285 1128 1443 &c
835 1455 1308 1586 programme
963 1611 1203 1698 Iro PARTIE
345 1729 1037 1829 1. König Stephan (ouverture)
404 1809 1228 1905 Ve Concerto en Mi bémol pour piano
447 1882 772 1975 etennestre :
440 1941 1046 2016 A) allegro; B) Adagio ; c) Ronde.
1307 1945 1814 2074 L. VAN BEethoven
443 2002 1031 2091 M. Arthur VAN TOOREN.
404 2056 1105 2158 IIe Symphonie (en Rémajeur).
440 2127 1224 2200 A) allegro molto. — Allegro con brio; B)
447 2199 1233 2270 Larghetto; c) Scherzo ; n) Finale (Allegro
434 2243 586 2317 molto).
340 2279 1021 2393 4. A) Nocturne (Op. 15, n° 2).
1294 2311 1686 2424 FRED CHOPIN
413 2361 885 2454 B) Scherzo (Op. 31)
500 2418 1103 2508 M. Arthur VAN TOOREN.
1303 2451 1759 2576 P. TsCHAïKttenk
349 2481 1046 2583 5. Marche du couronnement.
636 2646 1525 2758 Piano PLEYEL de la Maison L. ANTHONIS.
381 2844 1818 2935 Mercredi 29 Novembre, à 8 1/2 heures du soir : Concert avec le concours de
340 2910 933 3005 Mlle ALICE CHOLET, Violoniste.
1139 2932 1762 3064 Imp. F. Janssens-Anthonis. — Anvers.
