2166 3370
700 679 1280 834 programme
312 1214 1674 1321 1. Marche festivale sur le thème du Te Deum liturgique
373 1308 1296 1391 Alvar (introduction du drame lyrique)
465 1384 1018 1464 Hautbois-solo: M. CH. RoVIES.
301 1493 1496 1573 3. Princesse Rayon de Soleil (fragment du 3e acte)
465 1571 887 1626 Tjalda : M. L. Swolffs.
301 1655 1592 1740 4. La Mer (symsphonie d'après le poème d'Eddy Levis)
455 1720 815 1800 1. Lever du soleil.
458 1801 1084 1874 2. Chants et danses des matelots.
458 1859 756 1953 3. Crépuscule.
449 1936 756 2006 4. La tempête.
531 1990 1095 2091 Récitant : M. A. VermanDELE.
921 2336 1032 2462 be
289 2647 1662 2782 Mercredi 29 Novembre, à 8 1/2 heures du sair : Concert avec le concours
640 2760 1284 2864 de Mlle ALICE CHOLET, Violoniste.
