2166 3370
638 742 1900 885 Prinses Zonneschijn.
865 887 1676 983 Sprookjesspel in vier bedrijven.
1434 994 1950 1094 (Gedicht van Pol de MoNr.)
1050 1129 1481 1216 DERDE BEDRIJF.
1164 1220 1359 1310 Tjalda.
827 1299 1624 1392 Wat hemelzoete kalmte wijd en zij...
728 1389 1620 1458 Mij is ’t, of ik het woud hoor ademhalen.
829 1444 1664 1516 Violengeur zweeft in de lucht rond mij
967 1500 1539 1579 en door ’t geboomte dalen
1060 1560 1396 1645 zonnestralen
821 1621 1697 1695 Alomme spruit, alom in boom en plant,
725 1678 1753 1749 tot in den zwarten aardkluit ’t nieuwe leven.
821 1738 1783 1802 De ontdooide bronnen kabbelen te allen kant
725 1807 1646 1868 en de eerste knoppen groenen in de dreven.
824 1854 1738 1929 En in mijn hart, dat machtig jaagt en slaat
1005 1915 1437 1997 als wilde ’t breken,
855 1970 1613 2052 hoor ik een zachte stemme spreken
967 2038 1761 2117 van min, die niet meer scheiden laat.
818 2099 1527 2165 En in mijne ziele, diep bewogen,
914 2161 1620 2244 rijst, immer omstraald van licht,
961 2216 1467 2291 met half geloken oogen
983 2277 1407 2349 en rozenaangezicht
712 2337 1763 2407 van bloemen omgeurd bij duizend duizentiallen,
859 2395 1617 2456 de wondre Slaapster uit het woud!
821 2445 1544 2518 Over haar planken boezem vallen
855 2510 1642 2573 haar lange lokken van louter goud..
714 2562 1760 2640 O! Schoone zon, waar ’t slot ook zij verscholen,
755 2637 1700 2713 zijn boomenwal rijs nog zoo hoog en dicht,
910 2680 1557 2760 al moest ik jaren ommedolen,
755 2741 1749 2834 ik vind het toch — en zweer het bij uw licht!
