2166 3370
441 537 1375 627 Al moest ik, blootvoets, over dorens treden,
634 614 1276 683 rotsen bestijgen nacht en dag.
437 666 1297 741 o schoone zon ik zal zijn wal betreden,
488 732 1503 803 ik zal haar zien, zoo ik haar niet wekken mag!
395 786 1451 864 En mag ik ’t wekkend wonderwoord niet vinden
492 851 1392 912 één voorrecht, Azen. gunt gij Tjalda dan:
395 909 1325 963 laat dàn hem rusten naast de zielsbeminde!
492 963 1603 1037 Zoo zoene Doop, wat Min zoENEN KAN!
381 1064 1651 1125 Op dit oogenblik scheurt de achtergrond open, en nu ziet men,
300 1127 1654 1175 oprijzend op een heuvel boven een rei van boomenkruinen, blinkend
310 1173 1656 1239 blank in de zon en afstekend op den helderen hemel, een heerlijk, reus-
300 1219 1663 1268 achtig koningsslot, met een menigte van groote en kleine torens. Een
300 1271 1171 1327 breede laan leidt er heen, even aan ’t groenen.
895 1373 1080 1446 Tjalda.
381 1471 820 1553 In hoogste verrukking.
503 1559 1442 1648 » Zoo ZOÈNE DoOD...! » Is dát het Woord?
510 1637 1370 1702 Ik zie het slot..., gesloten is de poort...
402 1693 1320 1778 De zonne laait, als wimpels, op zijn tinne!
503 1749 1461 1824 Gij zijt het slot niet meer van schrik en nood,
500 1809 1451 1892 Gij zijt het slot niet meer van koude en dood,
651 1876 1354 1956 gij zijt het tooverslot der minne!
385 1942 1658 2051 Hij werpt zijn stok weg, en loopt ijlings in de richting van het slot.
927 2302 1027 2439 F
