2166 3370
783 668 1536 810 LAMER
964 832 1374 926 SYMPHONIE
1094 945 1819 1028 d'après le poème d'Eddy LEVIS
1109 1089 1223 1185 d.
869 1231 1457 1313 PREMIÈRE PARTIE
924 1373 1411 1454 Le lever du Jour
532 1505 1506 1576 Voici l’heurè où la Nuit lentement s’affaiblit ;
529 1581 1569 1645 Les ténèbres se font moins lourdes, des nuances
538 1638 1336 1715 Naissent, et le feu vif des étoiles pâlit.
529 1692 1613 1772 Déjà j’entends, ô Mer, sous tes plaintes immenses
532 1756 1534 1833 Un hymne s’élever.. Les bruits et les couleurs
531 1812 1658 1892 Se font plus clairs : c’est le Matin qui vient d’éclore,
529 1874 1506 1929 Et poursuivant la Nuit, tout absorbée encore
529 1937 1485 1999 Dans son rêve peuplé d’ivresses et de pleurs,
529 1992 1414 2049 Il jette dans l’azur son réseau de lumière.
532 2058 1513 2120 D’abord, c’est l’Aube, chaste, indécise, légère,
532 2113 1439 2177 Eteignant d’un baiser, vague et silencieux,
526 2180 1405 2245 Les astres attardés dans l’infini des cieux
533 2221 1647 2299 Et traînant sur les flots comme une gaze blanche.
522 2284 1578 2363 Puis, c’est l’Aurore dont la lumière plus franche,
535 2340 1506 2412 Plus nette, plus fibrante, envahit les derniers
524 2412 1597 2478 Refuges de l’ombre, et met sur les grands huniers
526 2462 1575 2534 Qui passent au lointain, sa lueur douce et claire.
524 2523 1457 2596 Enfin, voici surgir le Soleil! L’atmosphère
522 2577 1450 2657 Frémit sous ses rayons et, triomphalement,
510 2635 1640 2725 Jetant sa pourpre aux flots, il monte au firmament.
