2166 3370
974 462 1065 535 IV
377 571 1440 662 Soudain, de toutes parts, sa splendeur se reflète;
383 647 1372 711 Les vagues, de clartés empanachant leur crête,
387 696 1394 762 Sont jaillir des éclairs; par milliers, deséclats
380 758 1394 826 D’or cliquettent au loin dans un brillant fricas.
377 823 1395 886 Et parfois, brusquement, sur les lames coupées
387 884 1333 939 Court un miroitement d’armures et d'épées.
388 978 1335 1041 Tout contre l’horison fulguant, où tes eaux
380 1038 1380 1104 Profondes, Océan, se confondent, si calmes,
380 1109 1476 1159 Avec l’azur, on voit, blanches comme des palmes,
391 1162 1379 1218 Passer dans du soleil les voiles des vaisseaux.
380 1207 1353 1283 Et voici que du port, en cinglant vers une île
379 1268 1333 1353 Mystérieuse, un fier voilier s'élande et feud
380 1328 1390 1394 L’incessant assaut des flots, superbe, immobile,
383 1395 1301 1451 Dirait-on, tant il est majestueux et grand!
380 1458 1327 1508 A mesure qu'il fuit devers le large, il glisse
388 1514 1469 1579 Plus droit, et l’on croirait que du haut de ce pont
383 1563 1301 1628 A quelque dieu puissant l’Océan obéisse...
387 1612 1417 1702 Bientôt, ainsi qu'un rêve en le sommeil profond
380 1677 1225 1747 Se perd inachevé, le voilier fantastique
388 1745 1025 1818 S'est perdu par delà la vue....
1260 1782 1600 1875 Et l’Atlantique
383 1848 1372 1952 Vierge de tout vaisseau joue avec le soleil.
711 2090 1323 2183 DEUXIÈME PARTIE
752 2217 1264 2312 La ronde du Gabier
624 2322 1380 2397 Houp! les filles, dansez la ronde,
824 2390 1173 2467 La digue digue
876 2454 1143 2521 Laire lon la
905 2512 1130 2585 Houplà!
634 2553 1377 2641 Houp! les filles, dansez la ronde,
827 2627 1187 2696 Dansez la gigue
902 2687 1120 2760 Mes gas!
