2166 3370
1135 442 1290 528 VII
560 574 1423 644 Déjà la lune vient, à l'Ouest, ébaucher
553 636 1035 713 Son croissant d'acier.
1071 662 1617 754 La lumière du jour râle
553 735 1564 804 Et le vaste horizon, sur la mer, est en sang.
560 797 1358 863 Plus de bruits sinon le bruit des flots
1374 845 1641 921 Sur la grève
553 905 1617 971 Les pêcheurs sont tout à leur départ ; l’un relève
563 966 1410 1029 Les chaluts, l’autre les étale sur le flanc
553 1028 1546 1090 De la carène, enfin d’autres font la manœuvre
563 1092 1552 1146 Pour mettre à la voile et, sur le rivage, autour
563 1141 1566 1204 Du bateau renfloué, comme les bras de pieuvre.
556 1211 1398 1272 Les câbles étendus oscillent tour à tour
563 1263 1271 1351 Sous l’action du flux et du reflux.
1291 1306 1576 1394 C’est l’heure
560 1368 1539 1439 Crépusculaire et douce où l'ombre et la clarté
628 1439 1716 1496 Oh! solennel hymen qu’un trouble vague effleure
560 1489 1295 1583 Unissent le silence à la sérénité!
750 1594 1373 1687 Voici que, déjà, les marins
754 1667 1383 1728 A l’effort des bras et des reins
754 1729 1386 1793 Ramènent la dernière amarre,
754 1783 1356 1861 Quand apparaît le gas râblé,
750 1838 1286 1918 Habile à manier la barre.
754 1897 1268 1971 A son côté, le teint hâlé
750 1960 1455 2034 Par les souffles brûlants du large,
754 2017 1390 2080 Marche, tête nue et pieds nus.
750 2083 1390 2147 La poitrine puissante et large,
760 2135 1398 2204 L’aimée, aux regards ingénus.
757 2197 1440 2255 Ils s’avancent et leurs deux âmes
754 2251 1425 2318 S'inspirent du soupir des lames,
745 2319 1358 2386 Sous le crépuscule mourant.
745 2371 1367 2447 Ils se parlent et leurs paroles
747 2434 1276 2506 Sont de naïves paraboles
747 2487 1462 2550 D’un charme tendre et pénétrant.
810 2544 1480 2615 « Vois, l’Océan, douce jolie,
745 2608 1401 2675 Comme, lentement, il déplie
745 2666 1390 2738 La masse souple de ses flots!
815 2730 1594 2812 Oui, mon gas, oui, l’Océan chante,
