<?xml version="1.0" encoding="UTF-8" standalone="yes"?>
<PcGts xmlns="http://schema.primaresearch.org/PAGE/gts/pagecontent/2013-07-15" xmlns:xsi="http://www.w3.org/2001/XMLSchema-instance" xsi:schemaLocation="http://schema.primaresearch.org/PAGE/gts/pagecontent/2013-07-15 http://schema.primaresearch.org/PAGE/gts/pagecontent/2013-07-15/pagecontent.xsd">
    <Metadata>
        <Creator>prov=READ-COOP:name=TrHtr:version=2.18.1:model_id=51170:date=16_10_2024_03:44</Creator>
        <Created>2024-10-15T15:44:43.376+02:00</Created>
        <LastChange>2024-10-16T03:44:59.959+02:00</LastChange>
        <TranskribusMetadata docId="4642292" pageId="80336077" pageNr="185" tsid="193990074" status="IN_PROGRESS" userId="131016" imgUrl="https://files.transkribus.eu/Get?id=ODDYQXOVJDVDXAOSTNJCONBO&amp;fileType=view" xmlUrl="https://files.transkribus.eu/Get?id=CZSLDSMVLBWQSPGUCLSWIMIQ" imageId="65796670"/>
    </Metadata>
    <Page imageFilename="0185_kca-srdda-cpr1905-030901108875-tx-00185.jpg" imageWidth="2166" imageHeight="3370">
        <ReadingOrder>
            <OrderedGroup id="ro_1757315729531" caption="Regions reading order">
                <RegionRefIndexed index="0" regionRef="tr_1"/>
                <RegionRefIndexed index="1" regionRef="tr_2"/>
            </OrderedGroup>
        </ReadingOrder>
        <TextRegion orientation="0.0" id="tr_1" custom="readingOrder {index:0;}">
            <Coords points="68,2341 68,2496 149,2496 149,2341"/>
            <TextLine id="tr_1_tl_1" custom="readingOrder {index:0;}">
                <Coords points="60,2479 70,2477 78,2484 106,2484 111,2488 117,2482 125,2487 133,2479 148,2482 145,2366 132,2366 116,2357 104,2368 96,2362 90,2370 81,2365 57,2370"/>
                <Baseline points="68,2441 95,2445 122,2446 149,2444"/>
                <TextEquiv>
                    <Unicode>1</Unicode>
                </TextEquiv>
            </TextLine>
        </TextRegion>
        <TextRegion orientation="0.0" id="tr_2" custom="readingOrder {index:1;}">
            <Coords points="316,533 316,2827 1617,2827 1617,533"/>
            <TextLine id="tr_2_tl_1" custom="readingOrder {index:0;}">
                <Coords points="936,583 968,581 975,588 983,583 1012,592 1050,584 1045,506 1019,506 996,518 990,514 978,518 959,509 947,524 933,521"/>
                <Baseline points="943,561 970,565 998,568 1025,570 1053,567"/>
                <TextEquiv>
                    <Unicode>VIII</Unicode>
                </TextEquiv>
            </TextLine>
            <TextLine id="tr_2_tl_2" custom="readingOrder {index:1;}">
                <Coords points="535,692 837,711 911,685 967,716 1299,731 1315,662 532,627"/>
                <Baseline points="543,674 581,677 620,677 659,677 698,678 737,680 775,681 814,683 853,686 892,686 931,688 969,691 1008,692 1047,693 1086,695 1125,695 1163,698 1202,700 1241,703 1280,705 1319,707"/>
                <TextEquiv>
                    <Unicode>Mais la nuit qui vient m’épouvante,</Unicode>
                </TextEquiv>
            </TextLine>
            <TextLine id="tr_2_tl_3" custom="readingOrder {index:2;}">
                <Coords points="539,747 1310,791 1323,724 537,695"/>
                <Baseline points="546,734 585,737 624,737 663,737 702,738 741,741 780,743 819,743 858,746 897,746 937,748 976,749 1015,749 1054,751 1093,755 1132,755 1171,758 1210,761 1249,763 1288,762 1328,761"/>
                <TextEquiv>
                    <Unicode>Car l’ombre a d’étranges sanglots. »</Unicode>
                </TextEquiv>
            </TextLine>
            <TextLine id="tr_2_tl_4" custom="readingOrder {index:3;}">
                <Coords points="379,810 1431,846 1354,781 378,750"/>
                <Baseline points="388,791 440,793 492,793 545,793 597,795 649,796 702,799 754,802 806,803 859,807 911,808 963,811 1016,811 1068,812 1120,817 1173,817 1225,821 1277,823 1330,823 1382,827 1435,829"/>
                <TextEquiv>
                    <Unicode>Tandis qu’il la rassure, en silence, elle prie...</Unicode>
                </TextEquiv>
            </TextLine>
            <TextLine id="tr_2_tl_5" custom="readingOrder {index:4;}">
                <Coords points="379,867 1377,902 1405,848 378,825"/>
                <Baseline points="388,850 439,853 490,854 541,856 592,856 643,856 694,859 746,862 797,865 848,868 899,868 950,868 1001,870 1052,871 1104,874 1155,877 1206,878 1257,880 1308,882 1359,883 1411,883"/>
                <TextEquiv>
                    <Unicode>C’est qu’elle voit au loin, cette masse en furie</Unicode>
                </TextEquiv>
            </TextLine>
            <TextLine id="tr_2_tl_6" custom="readingOrder {index:5;}">
                <Coords points="384,933 1434,967 1431,898 381,864"/>
                <Baseline points="391,910 443,914 495,916 548,916 600,916 652,919 705,919 757,922 809,923 862,925 914,927 966,928 1019,931 1071,932 1123,935 1176,937 1228,937 1280,942 1333,943 1385,946 1438,949"/>
                <TextEquiv>
                    <Unicode>Engloutissant soudain son bien-aimé, son gas,</Unicode>
                </TextEquiv>
            </TextLine>
            <TextLine id="tr_2_tl_7" custom="readingOrder {index:6;}">
                <Coords points="373,983 1409,1016 1408,973 371,924"/>
                <Baseline points="382,970 433,973 485,974 536,976 588,978 640,979 691,979 743,982 794,985 846,986 898,986 949,989 1001,991 1052,993 1104,993 1156,994 1207,997 1259,999 1310,1001 1362,1002 1414,1002"/>
                <TextEquiv>
                    <Unicode>Et, n’osant rien lui dire, elle invoque tout bas</Unicode>
                </TextEquiv>
            </TextLine>
            <TextLine id="tr_2_tl_8" custom="readingOrder {index:7;}">
                <Coords points="373,1051 1434,1077 1421,1020 371,983"/>
                <Baseline points="382,1032 434,1033 487,1035 540,1035 593,1035 646,1038 698,1041 751,1041 804,1042 857,1046 910,1047 962,1050 1015,1050 1068,1050 1121,1052 1174,1055 1226,1059 1279,1059 1332,1060 1385,1062 1438,1065"/>
                <TextEquiv>
                    <Unicode>Le Dieu juste et puissant qui sauve du naufrage.</Unicode>
                </TextEquiv>
            </TextLine>
            <TextLine id="tr_2_tl_9" custom="readingOrder {index:8;}">
                <Coords points="373,1107 1330,1136 1328,1097 1265,1076 371,1051"/>
                <Baseline points="382,1092 429,1092 477,1095 524,1096 572,1098 620,1098 667,1099 715,1101 762,1102 810,1104 858,1106 905,1109 953,1110 1000,1110 1048,1110 1096,1113 1143,1113 1191,1116 1238,1119 1286,1120 1334,1122"/>
                <TextEquiv>
                    <Unicode>L’Océan cependant est calme comme un lac,</Unicode>
                </TextEquiv>
            </TextLine>
            <TextLine id="tr_2_tl_10" custom="readingOrder {index:9;}">
                <Coords points="379,1164 1335,1186 1333,1147 1278,1128 378,1110"/>
                <Baseline points="388,1151 435,1155 482,1155 530,1155 577,1155 625,1158 672,1158 720,1159 767,1161 815,1162 862,1166 909,1167 957,1169 1004,1170 1052,1172 1099,1173 1147,1176 1194,1176 1242,1179 1289,1176 1337,1179"/>
                <TextEquiv>
                    <Unicode>Et l’on distingue encor, passant sur le tillac</Unicode>
                </TextEquiv>
            </TextLine>
            <TextLine id="tr_2_tl_11" custom="readingOrder {index:10;}">
                <Coords points="373,1221 1375,1269 1372,1203 1281,1191 373,1172"/>
                <Baseline points="382,1211 431,1211 481,1212 531,1215 580,1217 630,1219 680,1220 729,1222 779,1223 829,1220 879,1226 928,1226 978,1227 1028,1229 1077,1227 1127,1230 1177,1234 1226,1235 1276,1235 1326,1238 1376,1244"/>
                <TextEquiv>
                    <Unicode>D’un bâtiment côtier, les hommes d’équipage.</Unicode>
                </TextEquiv>
            </TextLine>
            <TextLine id="tr_2_tl_12" custom="readingOrder {index:11;}">
                <Coords points="381,1287 1279,1315 1278,1260 379,1234"/>
                <Baseline points="388,1268 432,1271 477,1274 522,1277 567,1277 611,1277 656,1277 701,1280 746,1280 790,1280 835,1283 880,1283 925,1286 969,1289 1014,1289 1059,1289 1104,1289 1148,1292 1193,1295 1238,1298 1283,1298"/>
                <TextEquiv>
                    <Unicode>Par un dernier rayon de l’astre agonisant,</Unicode>
                </TextEquiv>
            </TextLine>
            <TextLine id="tr_2_tl_13" custom="readingOrder {index:12;}">
                <Coords points="368,1336 1328,1382 1309,1305 368,1292"/>
                <Baseline points="376,1331 423,1334 471,1334 519,1335 567,1337 614,1338 662,1340 710,1340 758,1340 805,1342 853,1345 901,1346 949,1346 996,1349 1044,1346 1092,1349 1140,1352 1187,1352 1235,1355 1283,1356 1331,1358"/>
                <TextEquiv>
                    <Unicode>Le jour résiste encore à la nuit qui descend.</Unicode>
                </TextEquiv>
            </TextLine>
            <TextLine id="tr_2_tl_14" custom="readingOrder {index:13;}">
                <Coords points="330,1413 1204,1434 1203,1365 329,1354"/>
                <Baseline points="337,1385 380,1390 424,1396 467,1396 511,1396 554,1399 598,1399 641,1399 685,1399 728,1399 772,1401 816,1402 859,1402 903,1404 946,1407 990,1406 1033,1407 1077,1410 1120,1411 1164,1410 1208,1408"/>
                <TextEquiv>
                    <Unicode>Sur le rocher déjà, luit la clarté blafarde</Unicode>
                </TextEquiv>
            </TextLine>
            <TextLine id="tr_2_tl_15" custom="readingOrder {index:14;}">
                <Coords points="319,1468 1325,1486 1323,1431 317,1418"/>
                <Baseline points="328,1450 378,1450 428,1451 478,1454 528,1455 578,1455 628,1456 678,1458 728,1462 778,1462 828,1463 878,1464 928,1463 978,1465 1028,1465 1078,1467 1128,1471 1178,1471 1228,1471 1278,1474 1328,1471"/>
                <TextEquiv>
                    <Unicode>Du vieux phare fantôme impossible dans l’air :</Unicode>
                </TextEquiv>
            </TextLine>
            <TextLine id="tr_2_tl_16" custom="readingOrder {index:15;}">
                <Coords points="330,1522 1362,1544 1361,1499 1309,1483 529,1496 329,1461"/>
                <Baseline points="337,1507 388,1510 439,1511 491,1514 542,1516 593,1516 645,1516 696,1519 747,1522 799,1520 850,1522 901,1524 953,1525 1004,1525 1055,1528 1107,1528 1158,1529 1209,1531 1261,1533 1312,1534 1364,1534"/>
                <TextEquiv>
                    <Unicode>Et le gas de ses yeux, profonds et doux, regarde</Unicode>
                </TextEquiv>
            </TextLine>
            <TextLine id="tr_2_tl_17" custom="readingOrder {index:16;}">
                <Coords points="327,1580 1359,1601 1357,1546 326,1533"/>
                <Baseline points="334,1570 385,1570 436,1574 488,1576 539,1576 590,1576 642,1576 693,1579 744,1582 796,1583 847,1582 898,1581 950,1584 1001,1585 1052,1585 1104,1585 1155,1588 1206,1590 1258,1590 1309,1590 1361,1593"/>
                <TextEquiv>
                    <Unicode>Ces deux objets d’amour : son aimée et la Mer!</Unicode>
                </TextEquiv>
            </TextLine>
            <TextLine id="tr_2_tl_18" custom="readingOrder {index:17;}">
                <Coords points="417,1632 614,1662 1173,1657 1172,1614 417,1592"/>
                <Baseline points="426,1629 463,1631 501,1634 538,1635 576,1635 613,1635 651,1635 688,1635 726,1639 763,1639 801,1638 838,1638 876,1638 913,1641 951,1643 988,1644 1026,1645 1063,1646 1101,1644 1138,1644 1176,1641"/>
                <TextEquiv>
                    <Unicode>C’est l’heure de gagner la barque :</Unicode>
                </TextEquiv>
            </TextLine>
            <TextLine id="tr_2_tl_19" custom="readingOrder {index:18;}">
                <Coords points="413,1704 1222,1724 1221,1681 988,1649 651,1675 475,1642 413,1670"/>
                <Baseline points="423,1689 463,1692 503,1694 543,1695 583,1695 623,1695 663,1696 704,1698 744,1698 784,1698 824,1701 864,1701 904,1701 944,1701 985,1703 1025,1704 1065,1704 1105,1705 1145,1707 1185,1707 1226,1707"/>
                <TextEquiv>
                    <Unicode>« Ohé là-bas, faut qu’on s’embarque;</Unicode>
                </TextEquiv>
            </TextLine>
            <TextLine id="tr_2_tl_20" custom="readingOrder {index:19;}">
                <Coords points="417,1769 1234,1774 1212,1725 417,1725"/>
                <Baseline points="426,1749 466,1749 507,1751 547,1754 588,1755 629,1753 669,1753 710,1756 750,1758 791,1758 832,1758 872,1761 913,1761 953,1763 994,1764 1035,1764 1075,1764 1116,1764 1156,1764 1197,1764 1238,1764"/>
                <TextEquiv>
                    <Unicode>„ Voilà le vent qui tourne au nord! »</Unicode>
                </TextEquiv>
            </TextLine>
            <TextLine id="tr_2_tl_21" custom="readingOrder {index:20;}">
                <Coords points="412,1820 1082,1839 1081,1787 410,1771"/>
                <Baseline points="420,1808 453,1810 486,1811 519,1812 553,1814 586,1814 619,1814 653,1814 686,1814 719,1816 753,1817 786,1817 819,1820 852,1820 886,1820 919,1820 952,1820 986,1820 1019,1820 1052,1820 1086,1820"/>
                <TextEquiv>
                    <Unicode>Turle le vieux marin du bord.</Unicode>
                </TextEquiv>
            </TextLine>
            <TextLine id="tr_2_tl_22" custom="readingOrder {index:21;}">
                <Coords points="312,1890 1271,1912 1269,1836 496,1849 311,1808"/>
                <Baseline points="322,1865 369,1868 417,1868 464,1872 512,1874 560,1874 607,1874 655,1874 702,1874 750,1876 798,1877 845,1877 893,1877 940,1877 988,1880 1036,1883 1083,1880 1131,1883 1178,1883 1226,1884 1274,1889"/>
                <TextEquiv>
                    <Unicode>Et le gas qui travait et domptait la tempête,</Unicode>
                </TextEquiv>
            </TextLine>
            <TextLine id="tr_2_tl_23" custom="readingOrder {index:22;}">
                <Coords points="322,1938 1252,1956 1250,1907 1134,1896 321,1890"/>
                <Baseline points="331,1928 377,1928 423,1931 469,1931 516,1931 562,1934 608,1934 654,1934 701,1935 747,1937 793,1937 839,1938 886,1940 932,1939 978,1938 1024,1940 1071,1940 1117,1940 1163,1940 1209,1940 1256,1940"/>
                <TextEquiv>
                    <Unicode>Qui deux fois fut jeté par la houle en fureur</Unicode>
                </TextEquiv>
            </TextLine>
            <TextLine id="tr_2_tl_24" custom="readingOrder {index:23;}">
                <Coords points="314,2007 1346,2023 1344,1961 312,1942"/>
                <Baseline points="322,1982 373,1987 424,1987 476,1988 527,1990 578,1990 630,1990 681,1993 732,1996 784,1995 835,1994 886,1996 938,1996 989,1996 1040,1999 1092,1999 1143,1999 1194,1999 1246,1999 1297,2001 1349,2008"/>
                <TextEquiv>
                    <Unicode>Dans les flots déchaînés, sans connaître la peur,</Unicode>
                </TextEquiv>
            </TextLine>
            <TextLine id="tr_2_tl_25" custom="readingOrder {index:24;}">
                <Coords points="319,2056 1089,2060 1212,2088 1229,2028 317,2002"/>
                <Baseline points="328,2041 373,2047 418,2047 463,2047 508,2050 554,2050 599,2050 644,2053 689,2053 734,2053 780,2053 825,2056 870,2053 915,2056 960,2056 1006,2056 1051,2056 1096,2056 1141,2056 1186,2056 1232,2053"/>
                <TextEquiv>
                    <Unicode>Se trouble à cet appel, et, saisissant la tête</Unicode>
                </TextEquiv>
            </TextLine>
            <TextLine id="tr_2_tl_26" custom="readingOrder {index:25;}">
                <Coords points="312,2112 1365,2135 1365,2090 1307,2078 312,2070"/>
                <Baseline points="322,2101 374,2104 426,2107 479,2107 531,2109 584,2110 636,2110 688,2110 741,2111 793,2113 846,2113 898,2113 950,2113 1003,2113 1055,2113 1108,2113 1160,2113 1212,2116 1265,2119 1317,2120 1370,2125"/>
                <TextEquiv>
                    <Unicode>De l’aimée au front pur, dans ses robustes mains,</Unicode>
                </TextEquiv>
            </TextLine>
            <TextLine id="tr_2_tl_27" custom="readingOrder {index:26;}">
                <Coords points="312,2173 1165,2197 1208,2194 1208,2145 405,2140 311,2112"/>
                <Baseline points="322,2158 366,2161 410,2164 455,2167 499,2167 544,2167 588,2170 633,2170 677,2170 722,2170 766,2170 810,2170 855,2173 899,2173 944,2173 988,2173 1033,2173 1077,2173 1122,2173 1166,2176 1211,2176"/>
                <TextEquiv>
                    <Unicode>Il y cloue un baiser, le baiser des marins.</Unicode>
                </TextEquiv>
            </TextLine>
            <TextLine id="tr_2_tl_28" custom="readingOrder {index:27;}">
                <Coords points="312,2231 1265,2248 1265,2207 1206,2189 654,2207 312,2173"/>
                <Baseline points="322,2217 369,2223 416,2223 463,2223 511,2226 558,2226 605,2227 653,2229 700,2229 747,2229 795,2229 842,2229 889,2229 936,2229 984,2229 1031,2232 1078,2229 1126,2232 1173,2232 1220,2232 1268,2232"/>
                <TextEquiv>
                    <Unicode>Puis de sa voix où meurt la volonté rebelle :</Unicode>
                </TextEquiv>
            </TextLine>
            <TextLine id="tr_2_tl_29" custom="readingOrder {index:28;}">
                <Coords points="319,2293 1432,2303 1432,2259 1325,2241 319,2252"/>
                <Baseline points="328,2274 383,2281 438,2283 494,2285 549,2286 604,2286 660,2287 715,2289 770,2289 826,2289 881,2289 936,2289 992,2289 1047,2289 1102,2289 1158,2291 1213,2292 1268,2292 1324,2292 1379,2291 1435,2286"/>
                <TextEquiv>
                    <Unicode>« Je t'aime va, dit-il, je t’aime encor plus qu’Elle! »</Unicode>
                </TextEquiv>
            </TextLine>
            <TextLine id="tr_2_tl_30" custom="readingOrder {index:29;}">
                <Coords points="311,2348 1250,2373 1315,2370 1315,2322 309,2306"/>
                <Baseline points="319,2337 369,2337 419,2341 469,2343 519,2343 569,2345 619,2346 669,2346 719,2349 769,2349 819,2349 869,2348 919,2346 969,2348 1019,2349 1069,2347 1119,2349 1169,2349 1219,2349 1269,2350 1319,2355"/>
                <TextEquiv>
                    <Unicode>Et d’un geste comme en ont seuls les matelots,</Unicode>
                </TextEquiv>
            </TextLine>
            <TextLine id="tr_2_tl_31" custom="readingOrder {index:30;}">
                <Coords points="308,2407 1401,2415 1401,2375 1299,2365 308,2350"/>
                <Baseline points="316,2393 370,2399 424,2399 479,2401 533,2402 588,2402 642,2405 697,2405 751,2405 806,2405 860,2405 914,2405 969,2405 1023,2405 1078,2405 1132,2406 1187,2408 1241,2408 1296,2408 1350,2408 1405,2411"/>
                <TextEquiv>
                    <Unicode>Il lui montre, du doigt, la mer qui chante au large</Unicode>
                </TextEquiv>
            </TextLine>
            <TextLine id="tr_2_tl_32" custom="readingOrder {index:31;}">
                <Coords points="308,2472 1613,2506 1613,2423 308,2415"/>
                <Baseline points="316,2450 381,2454 446,2459 511,2460 576,2462 641,2462 706,2460 771,2462 836,2462 901,2462 966,2462 1031,2462 1096,2465 1161,2465 1226,2465 1291,2465 1356,2466 1421,2466 1486,2468 1551,2471 1617,2468"/>
                <TextEquiv>
                    <Unicode>« Plus qu'Elle! » C’est son cœur tout entier qu’il décharge</Unicode>
                </TextEquiv>
            </TextLine>
            <TextLine id="tr_2_tl_33" custom="readingOrder {index:32;}">
                <Coords points="308,2528 1186,2550 1186,2488 1159,2484 308,2480"/>
                <Baseline points="316,2510 359,2516 403,2516 447,2516 490,2519 534,2519 578,2519 621,2519 665,2519 709,2519 753,2519 796,2519 840,2519 884,2519 927,2519 971,2521 1015,2520 1058,2521 1102,2520 1146,2519 1190,2516"/>
                <TextEquiv>
                    <Unicode>Dans la simplicité supplime de deux mots</Unicode>
                </TextEquiv>
            </TextLine>
            <TextLine id="tr_2_tl_34" custom="readingOrder {index:33;}">
                <Coords points="314,2581 1346,2611 1344,2547 312,2532"/>
                <Baseline points="322,2570 373,2573 424,2576 476,2577 527,2578 578,2578 630,2578 681,2578 732,2578 784,2578 835,2578 886,2578 938,2578 989,2578 1040,2578 1092,2580 1143,2579 1194,2581 1246,2581 1297,2581 1349,2584"/>
                <TextEquiv>
                    <Unicode>Puis il fuit, sans tourner la tête : Adieu! adieu!</Unicode>
                </TextEquiv>
            </TextLine>
            <TextLine id="tr_2_tl_35" custom="readingOrder {index:34;}">
                <Coords points="312,2646 1309,2650 1274,2599 312,2586"/>
                <Baseline points="322,2626 371,2632 421,2633 470,2635 520,2636 569,2638 619,2636 668,2635 718,2638 767,2635 817,2638 867,2638 916,2638 966,2638 1015,2638 1065,2638 1114,2638 1164,2638 1213,2638 1263,2638 1313,2635"/>
                <TextEquiv>
                    <Unicode>Et bientôt, hardiment, s’accrochant au cordage</Unicode>
                </TextEquiv>
            </TextLine>
            <TextLine id="tr_2_tl_36" custom="readingOrder {index:35;}">
                <Coords points="308,2698 1287,2705 1287,2667 1232,2653 1084,2677 308,2646"/>
                <Baseline points="316,2683 364,2689 413,2692 462,2693 511,2695 560,2695 608,2695 657,2695 706,2695 755,2695 804,2695 852,2692 901,2695 950,2695 999,2695 1048,2695 1096,2695 1145,2697 1194,2698 1243,2698 1292,2698"/>
                <TextEquiv>
                    <Unicode>Qui retient l'ancre à terre, il se jette au milieu</Unicode>
                </TextEquiv>
            </TextLine>
            <TextLine id="tr_2_tl_37" custom="readingOrder {index:36;}">
                <Coords points="308,2765 955,2788 1090,2759 1224,2790 1266,2777 1266,2721 306,2708"/>
                <Baseline points="316,2743 363,2746 411,2744 459,2750 507,2752 554,2752 602,2752 650,2753 698,2753 745,2754 793,2753 841,2752 889,2752 936,2752 984,2752 1032,2755 1080,2755 1127,2755 1175,2755 1223,2755 1271,2758"/>
                <TextEquiv>
                    <Unicode>Des vagues déferlant doucement sur la plage,</Unicode>
                </TextEquiv>
            </TextLine>
            <TextLine id="tr_2_tl_38" custom="readingOrder {index:37;}">
                <Coords points="308,2816 644,2842 721,2820 784,2855 936,2824 934,2781 908,2773 607,2762 381,2785 306,2763"/>
                <Baseline points="316,2802 347,2804 378,2805 409,2805 440,2807 472,2808 503,2808 534,2808 565,2808 596,2809 628,2811 659,2811 690,2812 721,2814 752,2812 784,2811 815,2811 846,2808 877,2810 908,2811 940,2811"/>
                <TextEquiv>
                    <Unicode>Et se hisse jusqu’à la barque.</Unicode>
                </TextEquiv>
            </TextLine>
        </TextRegion>
    </Page>
</PcGts>
