2166 3370
1038 436 1219 519 - IX -
1174 540 1432 619 De sa main
510 614 1406 674 Que la houle bronze, il empoigne la barre
505 668 1420 729 Et, vers la haute mer, que l’obscurité barre
510 724 1610 788 Comme un vaste mur noir, le bateau prend le flot...
505 786 1319 849 Alors sur le rivage, inquiète, éperdue,
505 843 1553 908 fixant ses grands yeux bleus, en pleine obscurité.
510 898 1355 964 Touchante de grandeur et de simplicité,
505 958 1553 1021 La douce aimée en vain, dans l’immense étendue
510 1018 1569 1080 Cherche à suivre la route où son beau rêve a fui....
504 1071 1467 1148 Et tandis que tout bas, elle implore pour lui
505 1127 1420 1201 La nuit énigmatique, implacable et cruelle,
508 1181 1482 1255 Les flots pieusement semblent prier pour elle ;
513 1246 1569 1317 Et sous le ciel profond, comme un chant de repos,
513 1305 1439 1376 Tout constellé de croix et rempli de silence,
505 1371 1420 1438 Elle reste longtemps étouffant ses sanglots.
818 1536 1457 1616 QUATRIÈME PARTIE
979 1648 1291 1731 La tempête
505 1718 1444 1814 C'est la houle! les flots accumulés se ruent
513 1794 1533 1868 Vers d'invisibles buts. Les pétrels, briseurs d’os,
513 1854 1513 1916 Cinglent l’air de leur vol, et les grands albatros
505 1915 1537 1976 Frôlent les paquets d’eau que les cents exténuent
510 1964 1423 2031 Et raclent sans répit, de leur fouet furieux.
505 2029 1473 2093 La voûte se fait noire et les vagues se cabrent
516 2090 1610 2154 Sous les coups des éclairs qui zèbrent et qui sabrent
505 2147 1715 2204 Leurs sommets bouillonnants et leurs flancs monstrueux.
504 2204 1470 2278 Roulant et déroulant leurs spirales qui fluent
504 2271 1373 2336 Et refluent, creusant de tortueux sillons,
510 2325 1617 2396 Fouaillés par le Nord, des blocs mouvants se ruent,
510 2381 1421 2440 Bondissant vers la nue ainsi que des lions.
505 2435 1497 2494 Et l'on entend sortir de tes milliers de bouches,
510 2502 1463 2563 Mer! une clameur s’étouffant au lointain ;
510 2557 1451 2619 Tels les rugissements épouvantés, farouches
504 2616 1432 2689 Des bêtes du désert que tourmente la faim!
508 2678 871 2766 C'est la tempête.
