2166 3370
785 574 1408 640 Au loin dans un brutal effort
391 622 1391 699 Les ténèbres, les vents, le tonnerre et les ondes
396 687 1324 751 Unissent leur fureur dans de fatales rondes.
401 742 1267 818 L’immensité foudroie, anéantit et mord.
397 809 1362 886 Tout à coup, dominant la Hage et le tumulte,
401 864 1393 931 Une trombe surgit, se dresse et, d’un seul bond
392 927 1319 986 Formidable et puissant, elle cogne du front
392 983 1444 1046 L’amoncellement noir des vapeurs. C’est l’insulte
392 1037 1219 1104 De l’océan au ciel, c’est le défi sauvage
392 1105 1303 1171 De deux infinités, c’est le suprême outrage
392 1164 1364 1237 De la force à la force et des ondes aux cieux.
393 1218 1393 1296 C’est ainsi que jadis se provoquaient les dieux.
392 1278 1361 1352 La trombe attaque l’air, roule dans la rafale.
401 1343 1373 1408 C'est un effondrement. La foudre lourdement
392 1398 1319 1471 Vient s'abattre sur elle avec un craquement
401 1452 1411 1520 Epouvantable et sourd ; mais l’immense spirale
397 1517 1382 1575 Passe et s’en va frapper la nuée en plein cœur.
406 1572 1259 1633 Voici que, soulevé par une énorme lame
397 1629 1387 1695 Un vaisseau naufragé tout entouré de flamme,
406 1693 1244 1749 D’écume et de nuée, apparaît. Ses agrès
401 1745 1403 1815 Vergues et gouvernail, voiles, ancres, cordages,
401 1803 1261 1871 Déjà sont arrachés et ses épais bordages
406 1857 1376 1931 Se brisent sous les flots qui s’acharnent après.
397 1912 1420 1985 Des cris humains, perdus dans la sourde mêlée,
406 1988 1313 2044 Roulent dans la rafale, atome dans le tout.
397 2035 1292 2102 Et bientôt sabordé, sous l’onde échevelée,
397 2102 1289 2161 Le vaste bâtiment dont la coque, debout,
396 2156 1343 2224 Défiait la fureur des deux monstres en lutte,
401 2221 911 2292 S'engloutit tout entier!
941 2262 1432 2327 Dans les cieux révoltés
941 2331 1382 2386 Une immense volute
397 2318 926 2405 Un nuage s'entr'ouvre...
397 2386 1301 2453 De lumière descend sur les flots démontés.
980 2550 1095 2658 pr
