2101 3370
734 383 1649 546 WALLENSTEIN
590 559 1778 656 Trilogie d'après le poème dramatique de SCHILLER
1125 695 1242 803 2e
549 810 1864 886 Cette trilogie a été composée pour servir de préface et de
503 880 1861 937 commentaire musical aux trois poèmes dramatiques de Schiller
507 924 1866 990 sur WALLENSTEIN, le Camp, les Piccolomini, la Mort de
515 983 781 1048 Wallenstein.
558 1024 1864 1095 Le premier de ces trois poèmes est un tableau pittoresque de
503 1073 1866 1134 l'armée impériale pendant la guerre de Trente ans, une peinture
503 1120 1861 1186 hardie de ces soldats cuirassés de buildle, se croyant maîtres de
510 1181 1866 1239 tout, parce qu'ils ont tout pillé, de ces « bandes sauvages que
507 1219 1864 1295 peut seule diriger et discipliner la main de leur général, de
502 1276 766 1344 leur idole ».
561 1325 1866 1390 A côté des soldats insouciants et cruels, dépeints dans le
519 1378 1870 1437 premier poème, à côté du grand et mystérieux caractère de
515 1424 1866 1485 Wallenstein qui atteint tout son développement dans la troisième
512 1466 1854 1541 partie de la trilogie (la Mort), se placent deux figures sédui¬
503 1510 1866 1573 santes qui apportent une impression de pure lumière sur ce fond
512 1573 1866 1626 brouillé et confus d’intrigues et de trahisons ; ces deux figures
503 1610 1861 1675 sont celles de Thécla, fille de Wallenstein, et de Max Piccolo¬
512 1663 1861 1734 mini, « jeune héros ignorant le mal » et courant à la mort lors¬
515 1731 1866 1778 qu’il est convaincu de ce qu'il nomme « la trahison de son
512 1764 1861 1829 général bien-aimé ». L’amour de ces deux enfants, planant,
510 1812 1861 1864 tranquille jusqu'à la mort, sur les scènes sombres et tourmentées
510 1863 1864 1920 du drame, est une des plus poétiques inspirations de Schiller.
558 1910 1861 1980 Pour le musicien, ces divers caractères devaient se personnifier
515 1965 1861 2022 en différents thèmes qui, en se modifiant selon la marche du
515 2014 1776 2085 poème, devaient former le fond même de l’œuvre musicale.
1139 2122 1248 2217 9.
880 2227 1485 2334 PREMIÈRE PARTIE
909 2339 1464 2427 Le Camp de Wallenstein.
561 2454 1870 2517 Après l’exposition d’un thème guerrier en sol majeur, par tout
507 2507 1866 2570 l'orchestre, le quatuor présente, également en sol, une sorte de
510 2558 1866 2637 valse lente qui aboutit bientôt à un rythme de danse sauvage
512 2604 1117 2665 d’une tonalité assez indécise.
564 2653 1575 2731 Suivent divers épisodes tirés de ces trois motifs.
