2101 3370
328 512 1635 596 Puis, un arrêt se produit dans le mouvement, et les quatre
276 574 1627 658 bassons exposent à tour de rôle un sujet fugué d’une allure
280 635 1628 687 grotesque (correspondant dans la pièce de Schiller au malen¬
286 680 1621 744 contreux sermon du capucin) qui, se répercutant à divers
276 709 1625 798 instruments depuis le cornet à piston jusqu’au tuba, se trouve
280 766 1628 854 brusquement interrompu par la première apparition du thème
274 822 1623 892 de Wallenstein, amenant la rentrée du motif guerrier dans des
281 862 754 923 teintes plus radoucies.
323 914 1620 997 Les danses reprennent et conduisent, en s’animant graduelle¬
271 965 1618 1047 ment, à un tumulte final qui n’est autre que la condensation du
276 1015 1623 1084 premier motif guerrier, et le morceau se termine par les quelques
271 1064 1618 1160 lotes du thème de Wallenstein, jetées par les trompettes au
273 1111 1014 1189 milieu du fortissimo de l’orchestre.
636 1290 1246 1389 DEUXIÈME PARTIE
764 1413 1111 1497 Max et Thécla.
313 1525 1601 1613 Une brève introduction, où les cors exposent le dessin adopté
268 1583 1608 1653 par le musicien pour représenter l'idée de fatalité, conduit à une
271 1635 1601 1697 etc. pii s. b qui est présentée, d’abord par les quatre cors et
266 1680 1598 1760 les clarinettes à l'unisson et reprise ensuite par tout l’orchestre.
306 1726 1603 1805 Cette phrase s’enchaîne à un Alle risoluto, amplification des
256 1783 1603 1844 quatre premières notes du thème de Max. Après plusieurs épi¬
253 1830 1600 1896 sodes entièrement formés des fragments de ce thème, mêlés au
256 1874 1595 1943 rythme fatal et que vient seulement interrompre une très passa¬
259 1930 1598 1990 gère apparition du thème féminin, le mouvement s’alanguit peu
253 1980 1591 2042 a peu et la phrase entière de Thécla se déroule dans la tonalité
248 2019 1589 2090 de si majeur, exposée par une clarinette seule qui chante au¬
246 2073 1589 2138 dessus des frémissements du quatuor ; elle se continue aux altos
248 2118 1593 2179 et violoncelles et aboutit à une sorte de duo en sol majeur où les
253 2172 1591 2233 deux thèmes de Max et de Thécla se combinent et, pour ainsi
239 2207 584 2278 dire, s’enlacent.
295 2255 1581 2332 Mais bientôt les cuivres font retentir le thème de Wallenstein,
239 2315 1581 2379 non plus triomphant comme dans le morceau précédent, mais
244 2364 1586 2423 sous un aspect auxieux et tourmenté, et le motif initial de
244 2404 1586 2472 l’allegro reprend en mineur, fiévreux, haletant et incessamment
248 2457 1581 2532 poursuivi par le rythme fatal ; les altos le répètent encore,
241 2510 1581 2581 comme en mourant : enfin apparaît une dernière fois la phrase
241 2554 1581 2613 de Thécla. douloureusement exposée en mi b. mineur par le
234 2600 1574 2672 hautbois ; elle se fond bientôt dans un rappel de celle de Max,
237 2650 785 2726 et s’exhale en lent soupir.
