2101 3370
888 427 1497 531 TROISIÈME PARTIE
910 564 1454 646 La Mort de Wallenstein.
564 681 1864 768 Cette troisième partie commence par un mouvement lent, où
503 749 1854 814 sont exposés les accords qui, selon le musicien, doivent carac¬
510 812 1856 858 tériser l’influence des astres sur les destinées humaines. Ces
510 854 1856 912 accords sont deux fois entrecoupés par le rythme de Wallenstein
510 903 1861 961 à la clarinette basse et au cor; puis, commence un mouvement
515 956 1864 1027 plus vif (en si mineur) dont l’idée principale est basée sur le
502 997 866 1070 motif de fatalité.
564 1031 1864 1114 Bientôt vient s’y mêler le rythme guerrier déjà entendu dans
503 1097 705 1161 le Camp.
551 1148 1854 1203 Après quelques épisodes tirés de ces divers motifs, le mouve¬
503 1186 1866 1251 ment ralentit, un appel de cor se fait entendre, suivi de
515 1244 1861 1302 l’exposition complète (en ré majeur) de la phrase de Wallen¬
502 1295 632 1373 stein.
561 1317 1864 1400 Nouvelle entrée, en fa dièze mineur, du thème initial de
507 1387 1864 1466 l'allegro et développement du rythme guerrier accompagné par
510 1439 1132 1503 des harmonies chromatiques.
554 1490 1854 1542 Après quelques brèves apparitions de la phrase de Wallen¬
502 1539 1866 1600 stein en si majeur, puis en la et la b, le rythme s’efface peu à
507 1602 1861 1654 peu en un long decrescendo et disparaît enfin pour faire place
507 1641 1858 1692 a la phrase de Thécla, déjà entendue dans la deuxième partie de
507 1678 717 1748 la trilogie
558 1726 1858 1788 Une flûte dans le grave l’expose d’abord en mi majeur dans
503 1790 1859 1851 un enveloppement d’accords de la harpe ; les violons la répètent
500 1839 1854 1890 ensuite un demi-ton plus bas, pendant qu’un cor esquisse au¬
507 1883 1302 1946 de sous des rappels du motif de Max.
559 1926 1861 2015 La fin de la phrase reste en suspens et le musicien reprend
502 1983 1688 2049 ensuite le thème de Wallenstein pour ne plus le quitter,
558 2029 1858 2088 Une promression ascendante des basses amène une dernière
497 2076 1846 2146 exposition complète de la phrase de Wallenstein, en si majeur,
500 2132 1863 2195 qui, augmentant toujours en intensité, aboutit elle-même à un
503 2181 1851 2234 mouvement très large où se trouvent reproduits les accords
500 2231 1854 2281 sidéraux du commencement de cette troisième partie, plaqués
503 2280 1858 2337 par les instruments à vent, tandis que le quatuor les traverser
498 2334 1854 2400 en rapides fusées et que les trombones entonnent avec force le
500 2366 753 2437 chant fatal.
549 2415 1849 2497 Bientôt tout se calme en des teintes dégradées peu à peu, et
498 2458 1858 2546 la phrase s'éteint gravement en un long pianissimo des instru¬
490 2512 825 2597 ments à cordes.
1114 2668 1237 2771 zu
