2101 3370
422 472 1335 614 WALLENSTEIN
271 614 1483 695 Triiogie naar het dramatisch gedicht van SCHILLER
816 734 930 828 d.
241 831 1554 906 Deze trilogie werd getoondicht om als voorrede en muzikale
202 899 1542 955 verklaring te dienen voor de drie dramatische gedichten van Schil¬
198 950 1547 1025 ler op WALLENSTEIN, het Leger, de Piccolomini, Wallenstein’s
193 999 316 1055 dood
246 1048 1554 1106 Het eerste dezer gedichten is een schilderachtig tafereel van
193 1086 1554 1157 het keizerlijk leger gedurende den Dertigjarigen Oorlog, eene
193 1150 1550 1196 stoute afbeelding dier met leder ompantserde krijgslieden, welke
193 1194 1545 1252 zich meester wanen van alles, omdat zij alles hebben geplunderd,
195 1240 1547 1311 dier « wilde binden, welke alleen geleid en beteugeld worden
195 1291 1245 1347 door de hand van hun aanvoerder, hun afgod".
246 1330 1550 1398 Benevens de zorgelooze en wreede soldaten, afgeschilderd in
202 1382 1549 1444 het eerste deel, benevens het groote en geheimzinnige karakter
202 1442 1549 1498 van Wallenstein, dat zijne volledige ontwikkeling bereikt in het
197 1493 1545 1544 derde deel der trilogie (de Dood), plaatsen zich twee bekoorlijke
205 1545 1549 1603 wezens, die een indruk van rein licht brengen op den duisteren
193 1579 1542 1637 en roerigen achtergrond van kuiperij en verraad; zij zijn Thecla,
207 1635 1544 1695 Wallenstein’s dochter, en Max Piccolomini, « een jeugdige held,
193 1681 1545 1751 onbewust van het kwaad » en den dood zoekende wanneer hij
193 1722 1549 1788 overtuigd is van hetgeen hij noemt « het verraad van zijn gelief¬
192 1778 1545 1847 den generaal ». De liefde dezer twee jonge lieden, kalm tot aan
193 1834 1545 1886 den dood, zwevende boven de sombere en woelige tooneelen van
193 1874 1469 1935 het drama, is eene der dichterlijkste ingevingen van Schiller.
253 1924 1545 1993 Voor den toondichter moesten deze verschillende karakters zich
197 1968 1542 2041 noodwendig omzetten in onderscheidene toonbeelden (thema’s),
195 2030 1547 2081 welke zich zouden wijzigen naar den gang van het gedicht en
192 2071 1349 2146 die den grond zelf van het toondicht zouden uitmaken.
804 2166 930 2275 zu
646 2273 1104 2371 EERSTE DEEL.
658 2387 1082 2471 Wallenstein's leger.
249 2461 1547 2560 Na eene uiteenzetting van het krijgsthema door geheel het
193 2531 1542 2607 orkest, verneemt men door de snaren eene soort langzame wals,
195 2599 1540 2655 die weldra overgaat in den rhythmus van een woesten dans.
198 2643 1542 2704 Hierop volgen eenige spelingen getrokken uit deze drie motieven,
202 2692 1545 2785 waarna een stilstand in de tijdmaat, en de vier baspijpen treden
