2101 3370
552 502 1899 579 beurtelings vooruit met een gefugeerd, grappig getint toonbeeld
562 556 1893 640 (doelende op de potsierlijke preek van den capucien in Schiller’s
561 615 1898 689 gedicht); dit wordt overgenomen door verschillende speeltuigen,
561 668 1899 727 van den klephoorn tot den tuba, en plotseling afgebroken door
557 699 1899 775 de eerste verschijning van het Wallenstein-thema, hetwelk tot
557 766 1842 832 de herneming voert van het krijgsmotief in zachtere tinten.
552 795 1891 877 De dansen herbeginnen, worden allengs woeliger, slaan over tot
554 857 1893 921 rumoer (de samentrekking van het oorlogsmotief) en het deel
554 897 1909 985 sluit met eenige tonen van het Wallenstein-thema, door de
554 946 1786 1014 trompetten geworpen midden de losbersting van het orkest
990 1187 1470 1278 TWEEDE DEEL.
1036 1334 1392 1419 Max en Thecla.
601 1477 1889 1563 Eene korte inleiding (Andante), waarin de hoorns de figuur
546 1536 1896 1610 vooropstellen door den toondichter verkozen om het Noodlot te
547 1588 1877 1658 verbeelden. Deze leidt tot het thema van Max, eerst eenstemmig
542 1640 1893 1702 door de horens en de klarinetten, dan hernomen door geheel het
540 1684 1882 1756 orkest; die volzin hecht zich vast aan een allegro risoluto,
552 1733 1884 1792 verwerking der vier eerste tonen van laatst gemeld thema Nu
546 1771 1884 1847 volgen verschillende uitweidingen, teenemaal gevormd uit
540 1840 1884 1896 gedeelten van dit thema gepaard aan den rhythmus van het
540 1879 1882 1950 Noodlot en alleen onderbroken door eene zeer vluchtige verschij¬
549 1925 1896 1990 ning van het vrouwelijk motief; dan verflauwt allengs de
549 1967 1884 2036 beweging en het thema van Thecla ontvouwt zich geheel Eerst
547 2027 1882 2086 vooruitgezet door eene klarinet, zingende boven de sidderingen
540 2066 1879 2138 der snaren, wordt het volledigd door de altos en cellos, om
542 2118 1881 2184 eindelijk over te gaan in een tweezang waarin de thema’s van
544 2160 1874 2229 Thecla en Max zich vermengen, en als ’t ware, elkander om-
540 2223 1882 2293 strengelen. Doch weldra weerschalt in de koperen speeltuigen
534 2260 1881 2327 het Wallenstein-thema, niet meer zegevierend zooals in het
540 2317 1879 2379 eerste deel, maar in een angstigen en onrustigen vorm. Het
537 2366 1869 2428 aanvangmotief van het allegro herneemt, koortsig, hijgend en
540 2418 1877 2478 voortdurend opgezweept door den nootlottigen rhythmus; de
530 2465 1876 2524 altos herhalen het nog, wegstervend. Ten slotte verschijnt voor
530 2502 1872 2578 eene laatste maal het thema van Thecla, smartvol gezongen
527 2566 1872 2627 door den hobo en als wegsmeldend in eene herinnering aan het
527 2613 1697 2681 thema van Max, om in een langen zucht te verzwinden
