2101 3370
644 465 1094 573 DERDE DEEL.
655 605 1082 693 Wallenstein's dood.
233 715 1546 830 Het derde deel vangt aan met eene opeenvolging van lang-
188 783 1544 873 zame akkoorden, welke naar het inzicht des toondichters den
189 829 1546 917 invloed van de sterren op der menschen doeleinden moeten
188 885 1541 972 kenmerken. Deze akkoorden worden tweemaal afgebroken door
196 928 1542 1011 het Wallenstein-rhythmus in de besklarinet en hoorn; dan
189 984 1542 1050 volgt in eene meer opgewekte stemming eene uitweiding, heb¬
188 1020 1544 1118 bende voor hoofddenkbeeld het motief van het Noodlot. Weldra
183 1077 1541 1165 komt de krijgsrhythmus zich daarin mengen. Na eenige ont-
188 1137 1542 1213 wikkelingen dezer verschillende motieven, vertraagt de beweging,
189 1184 1539 1270 een hoorusein doet zich hooren, gevolgd door de volledige
189 1230 1534 1304 uiteenzetting van het Wallenstein-thema en een terugkeer van
181 1265 1536 1365 het aanvangsmotief van het Allegro te zamen met het krijgsmotief,
176 1323 1531 1407 zich ontwikkelend op chronatische harmonieën.— Na eenige ver¬
181 1387 1539 1456 schijningen van het Wallenstein-thema, verweekt stillerhand de
183 1422 1532 1500 rhythmus in een lang decrescendo en verdwijnt eindelijk om
188 1476 1534 1556 plaats te maken voor het thema van Thecla reeds vernomen in
181 1526 1531 1597 het 2de deel der trilogie. Op eene speling van harpakkoorden
184 1573 1529 1657 verneemt men het, eerst in de zware tonen eener fluit, om ver-
184 1617 1531 1698 volgens herhaald te worden door de violen, terwijl een hoorn
181 1668 1531 1754 daaronder herinnert aan het Max motif. Het slot van dien
179 1717 1536 1799 volzin blijft in het onbestemde en de toondichter herneemt
184 1769 1470 1835 daarop het Wallenstein-thema om het niet meer los te laten.
184 1811 1529 1896 Eene stijgende schrijding der basviolen brengt eene laatste uit-
179 1872 1527 1940 eenzetting mede van het Wallenstein-motief, hetwelk, steeds in
174 1906 1527 1997 hevigheid toenemende, overgaat op een zeer breed tempo,
178 1964 1527 2028 waarin de sterre-akkoorden uit het begin van dit deel herver-
181 2008 1527 2084 schijnen in de blaasspeeltuigen, terwijl de snaren ze omweven
171 2055 1520 2134 met vluchtende laddergangen en de bazuinen den zang van het
176 2119 1522 2188 noodlot met alle kracht aanheffen. Dan wordt alles opnieuw
179 2168 1520 2243 allengs kalm, de kleuren verbleeken langzamerhand en de zang
176 2209 1458 2302 dooft vol ingetogenheid uit in een lang pianissimo der snaren.
776 2522 898 2613 Schl.
