2101 3370
538 370 1655 473 Société Royale de Zoologie d'Anvers
379 545 1778 621 Pimanche 3 Décembre 1905, à 3½ hs. de l’après-midi
402 650 1800 883 Concert de Symphonie
456 878 1714 990 PAR L'ORCHESTRE DE LA SOCIÉTÉ
522 981 1659 1095 sous la direction de M. accavo KEURVELS
1029 1070 1143 1193 etc
849 1205 1330 1351 programme
983 1365 1216 1463 1r° PARTIE
349 1451 1198 1561 I. Le Capitaine Henriot (ouverture)
1347 1456 1739 1561 F. A. Gevaert
349 1545 812 1648 2. Sourires (valse).
1356 1563 1814 1648 EM. WANDTEUFEL
349 1638 1246 1725 3. Marguerite au rouet (paraphras)
1356 1646 1741 1743 FR. SCHUBERT
342 1723 1180 1824 4. Les Noces d'un garde-forestier
1360 1739 1750 1833 TH. MICHAELIS
554 1814 1070 1897 (suite caractéristique)
461 1883 1385 1944 a) Dans la forêt ; b) Cortège ; c) Chanson à boire
461 1938 1084 2031 d) Sérénade ; e) Marche nuptiale.
956 2036 1202 2131 2me PARTIE
349 2143 851 2248 5. Marche nuptiale
1349 2138 1794 2239 F. MENDELSSOHN
342 2236 929 2319 6. Une fête à Aranjuez
1355 2227 1812 2355 C. DE MERSMANN
554 2319 1043 2405 (fantaisie espagnole).
345 2399 1184 2496 7. Le dernier sommeil de la Vierge
1351 2399 1661 2494 J. MASSENET
447 2478 1356 2577 (prélude du 4e tableau de l'Assomption)
1356 2558 1636 2656 G. Rossini
336 2572 1052 2658 8. Guillaume Tell (ouverture).
449 2642 1541 2720 Solistes : MM. F. Van der Avort ( violoncelle), Hipp. Vinck
660 2700 1282 2796 (fiûte) et Ch. Rovies (cor anglais).
381 2820 1812 2880 Mercredi 6 Decembre : Concert avec le concours de M. ALEX. PAEPEN, Orga¬
336 2871 942 2958 niste de la Cathédrale d’Anvers.
