2101 3370
448 451 1574 542 Société Royale de Zoologie d'Anvers
363 593 1673 700 Mercredi 13 Décembre 1905, à 8 1/2 heures du soir
325 723 1734 946 Concert de Symphonie
376 951 1658 1044 PAR L'ORCHESTRE DE LA SOCIÉTÉ
449 1041 1581 1167 sous la direction de M. accavo KEURVELS
795 1139 1257 1228 et avec le concours de
623 1200 1395 1302 Mme C. FIERENS
521 1316 1490 1418 DU THÉATRE ROYAL D’ANVERS
971 1390 1069 1497 etc
792 1534 1258 1681 programme
1232 1699 1609 1790 W.A. MoZART
283 1708 953 1794 I. Cosi fan tutte (ouverture)
1232 1788 1648 1897 CHR. VON GLUKK
291 1787 888 1876 2. Alceste (air de l’opéra)
402 1866 839 1939 Mme C. FIERENS.
1220 1925 1715 2024 L. VAN BEethoven
291 1925 1058 2006 3. 7e Symphonie (en La majeur)
407 2006 1200 2095 A) Poco sostenuto. — Vivace ; B) Allegretto;
404 2066 990 2160 c) Presto; pj Allegro con brio.
288 2136 867 2227 4. Le Vaisseau fantôme
1234 2124 1622 2250 RICH. WAGNER
488 2211 1097 2313 Ballade de Senta (2e acte)
449 2292 872 2378 Mme C. FIERENS.
291 2359 684 2468 5. Marche (n° I)
1228 2353 1753 2452 FR. SCHUBERT-LISZT
337 2527 1648 2592 Mercredi 20 : Concert avec le concours de M. G. Pitsch, Violoncelliste.
330 2594 1569 2648 Mercredi 27 : Concert avec le concours de Mlle Herbiet, Pianiste.
1088 2729 1711 2843 Imp. F. Janssens-Anthonis. — Anvers.
