2101 3370
796 633 1512 750 air d'ALCESTE.
1057 904 1264 976 ALCESTE
683 1103 1429 1182 Divinités du Styx! ministres de la mort!
679 1182 1430 1250 Je n'invoquerai point votre pitié cruelle.
683 1231 1508 1287 J'enlève un tendre époux à son funeste sort ;
685 1282 1457 1358 Mais je vous abandonne une épouse fidèle.
678 1341 1632 1411 Mourir pour ce qu’on aime est un trop doux effort,
874 1408 1313 1478 Une vertu si naturelle ;
679 1470 1510 1551 Mon cœur est animé du plus noble transport.
870 1522 1382 1594 Je sens une force nouvelle ;
870 1579 1489 1658 Je vais où mon amour m'appelle.
754 1644 1518 1697 Divinités du Styx! ministres de la mort!
752 1700 1505 1765 Je n'invoquerai point votre pitié cruelle.
1103 2053 1229 2140 V
