2101 3370
358 363 1621 466 Koninklijke Maatschappij van Dierkunde
757 460 1241 559 van Antwerpen
315 620 1685 708 Zondag 17 December 1905, te 3½ uren s namiddags
264 724 1715 937 Symfonisch Concert
301 961 1702 1087 DOOR HET ORKEST DER MA�TSCHAPPIJ
425 1065 1562 1183 onder de leiding van M. EDWERD REURVELS
939 1153 1051 1271 N
767 1317 1232 1454 programma
928 1469 1093 1561 1e DEEL
1230 1561 1687 1656 C. M. VONWEBER
264 1555 882 1669 I. Preciosa (openingstuk)
1240 1636 1469 1733 G. Bizet
273 1641 1201 1729 2. Carmen (bloemlezing door L. Jacobs)
1240 1709 1616 1799 PETER BENOIT
279 1711 1065 1812 3. Charlotte Corday (baltooneel)
1238 1777 1660 1872 EDW. KEURVLS
275 1777 1203 1876 4. Hamlet (inleiding voor Shakespeare’s treurspel)
919 1856 1091 1962 2e DEEL
1230 1973 1522 2068 A. BAzzini
281 1968 1135 2065 5. Saül (openingstuk voor Alfred's treurspel)
317 2039 1746 2133 De toondichter heeft de tegenstelling willen afschilderen tusschen de karakters
284 2101 1751 2166 van Saül en David, het eerste vol hoogmoed, toorn en dwingelandij, het andere
282 2145 1753 2221 zoetaardig en edelmoedig, — Het slot van het werk stelt voor de dood van Saul
282 2217 1042 2270 en den inval der zegepralende Filistijnen.
281 2256 1564 2347 6. Le Cid (danstooneelen uit het zangspel J. MASSENET
378 2329 1230 2391 A) Castillane;—B) Andalouse; —c) Aragonaise;
381 2373 1227 2435 n) Ochtendmuziek; — E)Catalane; — r) Madri-
383 2430 752 2498 lène; g) Navarraise.
1243 2466 1577 2556 CH. GOUNOD
293 2479 952 2564 7. Lofzang aan Ste-Cecilia.
392 2542 961 2624 Viool-Solo : M. EDM. DE Hart.
1241 2593 1630 2679 G. MEYERBER
288 2619 756 2703 8. Wijdingsmarsch
334 2710 1755 2813 Woensdag 20 : Concert met de medewerking van den Heer G. Pitsch,
292 2767 438 2840 Cellist.
334 2806 1643 2868 Woensdag 27 : Concert met de mewerking van Mej. Herbiet, Pianiste
336 2846 1762 2930 Woensdag 3 Januari : Concert met de medewerking van Mej. Angèle
292 2914 684 3006 Delhaye, Zangeres.
