2101 3370
523 358 1636 472 Société Royale de Zoologie d’Anvers
373 536 1785 613 Pimanche 17 Décembre 1905, à 3½ hs. de l’après-midi
391 635 1803 865 Concert de Symphonie
452 885 1711 981 PAR L'ORCHESTRE DE LA SOCIÉTÉ
514 999 1645 1082 sous la direction de M. ED daRD REURVELS
1032 1083 1146 1188 &C
852 1201 1326 1357 programme
990 1361 1221 1440 1r° PARTIE
1320 1434 1777 1541 C. M. VONWEBER
360 1452 948 1555 I. Preciosa (ouverture)
1328 1528 1559 1618 G. BιZET
364 1524 1203 1620 2. Carmen (sélection par L. Jacobs)
1329 1590 1706 1680 PETER BENOIT
362 1592 1206 1689 3. Charlotte Corday (scène du bal)
1320 1660 1741 1752 EDW. REURVELS
364 1665 639 1768 4. Hamlet.
518 1728 1287 1840 (introduction pour le drame de Shakespeare)
971 1818 1212 1926 2me PARTIE
1320 1948 1609 2024 A. BAzzINI
358 1948 1206 2033 5. Saül (ouverture pour la tragédie d'Alfieri)
443 2029 1836 2079 L’auteur a voulu dépeindre le contraste entre les caractères de Saül et de
364 2079 1838 2137 David ; le premier, plein d’orgueil, de colère et de despotisme, le second, fait de
369 2121 1833 2181 douceur et de générosité. — Le finale de l’œuvre représente la mort de Saül et
369 2180 1048 2235 l’irruption victorieuse des Philistins.
1326 2224 1647 2317 J. MASSENET
369 2237 1039 2306 6. Le Cid (ballet de l’opéra).
466 2288 1328 2358 A) Castillane; — B) Andalouse; —c) Aragonaise;
465 2356 1329 2433 b) Aubade ; — E) Cantalane; — F) Madrilène ;
470 2402 733 2475 G) Navarvaise.
1337 2433 1675 2534 CH. GOUNOD
376 2451 916 2536 7. Hymne à Ste-Cécile
472 2508 1060 2591 Violon-Solo: M. EDM. DE Hart.
1339 2547 1724 2659 G. MEYERBEER
360 2580 854 2663 8. Marche du Sacre
400 2699 1724 2771 Mercredi 20 : Concert avec le concours de M. G. Pitsch, Violoncelliste.
400 2743 1636 2815 Mercredi 27 : Concert avec le concours de Mlle Herbiet, Pianiste.
404 2798 1840 2861 Mercredi 3 Janvier : Concert avec le concours de Mlle Angèle Delhaye,
365 2854 591 2932 Cantatrice.
1162 2881 1787 2977 Imp. F. Janssens-Anthonis. — Anvers.
