2101 3370
404 320 1685 423 Koninklijke Maatschappij van Dierkunde
810 410 1297 503 van Antwerpen
360 562 1747 650 Zondag 24 December 1905, te 3 1/2 uren ’s namiddags
312 731 1718 864 Dymichisch Concer
911 888 1011 948 an
336 876 1742 985 DOCR HET ORKEST DER MAATSCHAPPIJ
470 996 1600 1069 onder de leiding van M. EDWARD REURVLS
981 1062 1090 1172 8C
796 1189 1261 1325 programma
956 1327 1123 1398 1° DEEL
301 1398 899 1474 I. Mignon (opingstuk).
1261 1393 1613 1487 AMB. THOMAS
368 1457 1121 1544 Hänsel und Gretel (bloemlezing)
1264 1470 1771 1553 EUG. HUMPERDINCK
309 1516 954 1595 3. A) Gratulations-Menuet.
1261 1527 1746 1591 L. VAN BEETHOVEN
362 1569 689 1657 B) Lentelied
1266 1588 1696 1668 F. MENDELSSOHN
300 1632 768 1718 4. Memlinemarsch.
1259 1646 1582 1722 H. VAELPUT
943 1709 1117 1795 2° DEEL
303 1797 1139 1871 5. Le Roi de Lahore (opingstuk)
1255 1806 1566 1882 J. MASSENET
300 1854 825 1928 6. Vltava (de Moldau)
1259 1874 1560 1940 F. SMETANA
388 1920 1459 1992 2de Symphonisch gedicht uit den cyclus Mijn Vaderland)
336 1968 1768 2041 Twee bronnen ontspringen den bodem van het lomerrijke Boheemsche woud;
300 2027 1768 2080 de eene horrelt ziedend op, braist en schuimt ; de andere, helder en frisch,vliet
294 2069 1762 2128 stil verder. Vroolijk murmelend langs de rotsen,vereenigen zich hunne wateren
300 2100 1760 2163 tot eenen stroom, tintelend onder de stralen der ochtendzon. — Daarmate hij
294 2146 1768 2192 door de streken van Bohemen kronkelt, zwelt de snelle stroom en wordt Vltava
305 2174 1760 2236 (de Moldau); door dichte bosschen got, hij, en langs zijne zoomen weerklinkt
303 2214 1762 2273 luid en luider het opwekkend getoet van den jachthoorn ; door de lage landen
294 2253 1760 2304 schiet hij voort, langs weelderige weiden en beemden, waar bruiloft wordt ge-
300 2295 1760 2348 vierd bij zang en dans Des nachts komen lustige woud- en waternimfen
298 2328 1768 2394 zich vermeien in den klaren breeden plas,die glinstert in den maneschijn en de
303 2369 1768 2424 talrijke burchten weerspiegelt, getuigen van verledene pracht, ridderspel en
294 2409 1770 2462 krijgsroem. De golven koken en bruisen in de St-Janskolken, bulderen in de
298 2453 1762 2506 watervallen, en de wilde vloed breekt zich met geweld eenen weg tusschen de
298 2492 1760 2539 eeuwenoude rotswanden, om de wijde bedding te genaken waarin hij fier en
298 2527 1762 2596 statig. Praag begroet, stroomend voorbij het eerbiedwaarbig slot Vyshrad, dat
298 2560 1694 2622 hem verweikomt. Dan verdwijnt hij in de verte voor het oog des Dichters.
366 2604 695 2675 Virgo Maria
1259 2615 1670 2692 CARL OBERTHÜR
397 2668 1073 2736 (lofzang voor harp en orkest)
399 2714 978 2771 Harp-solo: Mej. THILLA ONTROP.
369 2765 763 2841 Walpurgisnacht
1248 2764 1569 2850 CH. GOUNOD
379 2819 1272 2903 (danstooneelen uit het zangspel Faust)
345 2909 1639 2969 Woensdag 27 : Concert met de mewerking van Mej. Herbiet, Pianiste
342 2946 1751 3034 Woensdag 3 Januari: Concert met de medewerking van Mevr. Vir-
288 2980 1007 3050 ginia Broeckx-Verhesen, Zangeres.
331 3030 1762 3104 Het Concert van Woensdag 10 Januari a. s. met de medewerking van den
290 3061 1577 3149 Heer G. Sadler, Violist, wordt op Donderdag 11 Januari verschoven.
