2101 3370
543 339 1649 412 Société Royale de Zoologie d'Anvers
377 473 1801 570 Dimanche 24 Décembre 1905, à 3½ hs. de l’après-midi
397 589 1812 784 Concert de Symphonie
927 822 1021 876 unter
464 802 1724 909 PAR L’ORCHESTRE DE LA SOCIÉTÉ
534 903 1654 1005 sous la direction de M. EDWERD REURVELS
1040 997 1137 1095 86
865 1104 1327 1229 programme
997 1238 1218 1305 1re PARTIE
421 1286 891 1378 Mignon (ouverture)
1321 1288 1678 1374 AMB. THOMAS
431 1358 1124 1426 Hänsel und Gretel (sélection)
1327 1360 1831 1437 EUG. HUMPERDINCK
431 1417 1018 1494 A) Gratulations-Menuet
1321 1419 1807 1498 L. VAN BEethoven
436 1479 1025 1542 B) Chanson de printemps
1327 1476 1757 1551 F. MENDELSSOHN
1327 1536 1647 1616 H. VAELPUT
368 1536 828 1625 4. Memlinemarsch
970 1593 1213 1678 2me PARTIE
374 1665 1156 1752 5. Le Roi de Lahore (ouverture).
1330 1665 1645 1754 J. MASSENET
366 1739 896 1803 6. Vltava (la Moldau).
1325 1742 1630 1818 F. SMETANA
473 1792 1299 1875 (2e Poème symphonique du cycle Ma Patrie)
416 1849 1827 1906 Deux sources jaillissent dans la forêt de Bohême; l’une est chaude et bouillon¬
368 1903 1831 1950 nante ; l’autre fraiche et tranquille.Les ondes en murmurant joyeusement dans
368 1943 1833 1991 les rochers se réunissent et brillent aux rayons du soleil matinal. Traversant les
366 1984 1831 2030 contrées de la Bohême; le rapide torrent grossit et devient le fleuve Vitava (la
366 2018 1827 2074 Moldau) Il traverse des forêts épaisses dans lesquelles on entend de plus en plus
372 2063 1827 2109 distinctement, le joyeux passage d’une chasse et le son du cor; il traverse des
372 2099 1833 2147 terres basses fiches en prairies ou l’on célèbre gaiement une noce par des cbants
375 2138 1831 2180 et des danses. La nuit, les nymphes des forêts et des eaux s’ébattent dans les
372 2177 1833 2228 ondes qui étincellent au clair de lune et reflètent de nombreux châteaux-forts,
375 2214 1827 2260 témoins de la splendeur passée, de la chevalerie et de la gloire guerrière dis¬
375 2254 1827 2306 parue. Le flenve bouillonne dans les rapides de St-Jean, tourbillonne en casca¬
368 2294 1833 2333 des, et ses ondes écumantes se frayent violemment passage entre les parois du
368 2329 1847 2379 rocher, pour gagner le lit dans lequel il coule majestueusement tranquille
366 2372 1833 2416 du côté de Prague, devant le vénérable château-fort de Vysehrad qui lui
375 2407 1833 2462 souhaite la bienvenue, puis disparaît dans le lointain où le regard du poète
368 2453 789 2513 ne peut plus le suivre.
443 2499 773 2570 Virgo Maria
1332 2497 1735 2583 CARL OBERTHÜR
478 2554 1227 2642 (hymne pour harpe etennestre)
473 2622 1073 2686 Harpe-solo: Mlle THILLA ONTROP
375 2666 986 2743 8. La Nuit de Walpurgis
1332 2657 1662 2742 CH. GOUNOD
464 2721 1034 2800 (ballet de l’opéra Faust)
407 2789 1638 2858 Mercredi 27 : Concert avec le concours de Mlle Herbiet, Pianiste.
416 2854 1833 2926 Mercredi 3 Janvier : Concert avec le concours de Mme Virginie Broeckx-
375 2880 800 2944 Verhesen, Cantatrice.
407 2922 1842 2973 Le Concert du mercredi 10 janvier sera remis au lendemain jeudi, 11 jan¬
372 2973 1562 3029 vier et aura lieu avec le concours de M. G. Sadler, Violoniste.
1275 3025 1792 3134 F. Janssens-Anthonis.— Anvers.
