11915 16139
5603 1452 7358 2178 grwort.
1307 2420 11001 3050 Die vorliegende Messe ist einem nach Palestrina's Tod gedruckten Codex, der 1601 bei
1319 3026 11001 3449 Ricciardus Amadinus in Venedig gedruckt wurde, entnommen. Sie steht im Originale um
1307 3352 6075 3752 einen Ton höher und hat folgende Schlüssel:
6814 3849 7068 4430 al
7407 3800 7939 4417 3
4684 3824 4865 4357 Etä
5010 3776 5543 4442 3 + 3
2045 4321 10941 4817 Demnach ist die Intonation um einen Ton erniedriget und wurden die jetzt gelau¬
1319 4672 10953 5180 figeren Schlüssel gewählt. Meine Grundsätze und die Motivirung derselben ist in meiner
1319 5156 10953 5495 »Musica sacra“ IV. Jahrg. Nr. 3 f enthalten. Was die beigefügten dynamischen Zeichen
1307 5458 10989 5894 und Tempobestimmungen angeht, so machen sie nicht mehr Anspruch auf Berechtigung als
1271 5821 11001 6172 sie Gründe für sich haben, deren Darlegung hier zu sehr ins Einzelne führen müsste; sie
1271 6124 10941 6560 sind übrigens auch praktisch erprobt, da ich die Messe bereits mehrmals mit Erfolg auf-
1295 6463 10977 6790 führte. Ein Hauptgewicht ist auf die Einhaltung der Athmungszeichen zu legen. Das
1283 6802 10953 7225 Athmungszeichen p. 16 bei ante omnia saecula ist angebracht, damit die Sänger lernen,
1259 7092 10626 7516 zwei aufeinander folgende Vokale zu trennen; besonders wichtig ist das bei Osanna in
1283 7431 10929 7770 Es ist aber immer ein Athmen gemeint, das wohl in der Wirkung bemerkbar, aber un-
1259 7758 10953 8181 hörbar ist. Um die Partitur nicht zu überladen, sind die meisten dynamischen Zeichen
1319 8109 10965 8593 (p. f.) nur im Soprane oder Alte (II. Chorus) angemerkt, gelten aber meist auch für die
1271 8448 10916 8871 übrigen Stimmen desselben Chores. Manche Betonungszeichen fehlen; denn dass man z. B
1247 8799 10953 9186 lumen, verum p. 16 betonen muss, ist selbstverständlich. Synkopirte Noten werden immer
1271 9113 10965 9609 betont (also etwas sforzando genommen) auch wenn kein Zeichen angegeben ist, z. B. im
1283 9513 10904 9936 „Cantus I.“ p. 2 Takt 17 und 26 P, Takt 21, p. 3 und 5 Takt 45, 65 letzter Taktschlag
1271 9815 10941 10178 im Kyrie Takt 25, 31, 46 = etc. Und so in allen Stimmen. Ueber die Gründe, warum
1234 10190 10929 10565 ich gerade der einen und nicht einer anderen Stelle piano oder forte vorsetzte, gedenke ich
1259 10469 10953 10904 mich in meinen „Fliegenden Blättern für katholische Kirchen-Musik“ zu aüssern. Vgl. in
1283 10795 10929 11195 Bezug auf den Vortrag auch die Broschüre „Ueber das Dirigiren kathol. Kirchen-Musik“,
5591 11146 6511 11606 - 36 kr.
1283 11183 5507 11703 Regensburg bei Fr. Pustet. 11 Sgr.
2299 11776 5761 12466 Eichstätt am 7. August 1871.
8496 12756 10202 13422 Franz Witt.
