7733 11441
2067 1543 5284 1914 Vorbemerkungen.
3510 1884 3972 2189 -
340 2106 3566 2507 Die vorliegenden acht Motetten sind die Fort-
3671 2102 7177 2442 sich eine frühere Ausgabe von 1601, ferner
174 2389 3575 2616 setzung des im Jahre 1869 begonnenen
3667 2389 7159 2651 sind noch Ausgaben von 1603 und 1615 bekannt,
96 2568 3584 2769 Annus II., Tom. II. Liber Motettorum der Musica
3671 2564 6557 2869 sämmtlich bei Giac. Vincenzi gedruckt.
109 2747 3597 2969 divina, von dem im Jahre 1874 bei Gelegenheit
3841 2738 5472 3030 Originalschlüssel- sind:
113 2930 3540 3174 der 5. Generalversammlung des deutschen Cæ¬
4630 2947 7185 3348 3 „ 3 „ 9 1/2 „ ; die Tonlage
4408 2982 4574 3344 a)
4155 2982 4347 3344 H.
109 3104 3344 3405 cilienvereins das zweite Heft erschienen ist.
3649 3021 4007 3375 3
3689 3292 7155 3553 wurde also eine grosse Terz erhöht. Der Charakter
371 3318 3593 3632 Nr. XVII. mit der II. pars ist dem von
3684 3510 7124 3745 dieser Weihnachtsmotette ist Freude, der Aus¬
100 3593 3566 3867 Dr. Proske im Tom. II. Annus I. der Mus. div.
3684 3667 7172 3911 druck Wahrheit, die Durchführung klar und
113 3815 3584 3998 pag. 53 des Vorwortes angegebenen Werke
3667 3859 7159 4072 fasslich, die Ausführung sehr leicht und dankbar.
131 3963 3575 4146 Vittoria’s entnommen, und findet sich sowohl in
3689 4037 7172 4268 Tonart transponirt hypojonisch. Biographische
113 4120 3575 4325 der Folioausgabe von 1585, als in der Stimmen¬
3684 4212 7159 4486 Notizen siehe im Tom. II. Annus I. der Mus.
96 4295 3584 4539 ausgabe in 4° von 1583. Den Bibliographen
3684 4395 5219 4665 div. von Dr. Proske.
118 4486 3588 4718 wird es interessiren, dass in Bologna eine Ausgabe
113 4674 3575 4883 dieser preiswürdigen Motetten von 1572 Venetiis,
3941 4595 7168 4905 Nr. XIX. ist einem sehr seltenen Werke des
100 4853 3575 5036 Ant. Gardane existirt, und dass ausserdem in
3667 4844 7155 5079 älteren Andrea Gabrieli entnommen, das in meiner
96 5018 3566 5249 Dillingen 1588, in Mailand 1589, apud Franc.
3680 5053 7168 5249 Bibliothek vorhanden ist, und dessen vollständige
109 5210 3571 5450 et hæred. Sim. Tini, wieder in Dillingen 1590,
3671 5249 7159 5463 Publication zu einem meiner frommen Wünsche
96 5398 3540 5590 und endlich in Frankfurt 1602 Nachdrucke er¬
3697 5463 7011 5646 gehört. Es ist betitelt: Andree (sic!) Gabrielis
100 5576 3584 5773 schienen sind, ein Beweis, dass diese Compositionen
3697 5616 7159 5838 organistae sereniss.  Reipub. Venetiarum  Psalmi
122 5760 3588 6004 Vittoria's zu jener Zeit sich ausserordentlicher
3684 5773 6998 5999 Davidici, qui Poenitentiales nuncupantur, tum
100 5930 2123 6200 Erfolge zu erfreuen hatten.
3680 5978 6989 6148 omnis generis Instrumentorum, tum ad vocis
3667 6135 7159 6326 modulationem accomodati.! sex vocum.
344 6095 2873 6431 Die Schlüssel des Originales sind:
3684 6318 7155 6527 tiis Apud Angelum Gardanum.
3684 6505 7159 6723 (Die Bibliographie kennt nur noch eine Ausgabe
549 6366 2673 6810 Ee 3e, 30, 3, 9:
2882 6435 3104 6771 W. E.
3697 6675 7137 6880 von 1606.) Das Werk ist dem Papste Gregor XIII.
344 6736 3575 6989 Die Tonart transponirt jonisch; der Text ist
3697 6854 7159 7102 gewidmet. In der Dedication bemerkt der Com¬
100 6893 3571 7190 den Officien der Adventzeit entnommen, daher
3702 7028 7146 7251 ponist: „Illum tamen sanctum et pium usum,
96 7124 3566 7368 auch die Ueberschrift des Original’s Dominica in
3697 7207 7142 7443 qui erat proprius Prophetae per vocum, instru¬
87 7325 3571 7508 Adventu Dni. Das feierliche Ecce, das strahlende
3671 7421 7155 7626 mentorumque musicorum harmoniam, nemo re¬
83 7486 3575 7748 lux magna, das leichtbeschwingte alleluja, die
3689 7626 7129 7804 pertus est hactenus, ut apparet, qui imitaretur,
96 7674 3566 7887 Ungezwungenheit der Ton- und Satzverbindungen
3702 7770 7081 8005 quamvis psalmi a plerisque sint compositi.“
100 7887 3571 8097 sichern dieser Numer einen durchschlagenden
3689 7913 7150 8140 Orlando di Lasso publicirte seine Busspsalmen
65 8049 3558 8249 Effekt in den Programmen der Kirchenchöre.
3671 8123 7155 8323 ein Jahr später; sie sind von Dehn 1838 bei
78 8210 3553 8502 Biograph. Notizen über Vittoria siehe in Mus.
3680 8284 7142 8528 Krantz in Berlin in Partitur gebracht worden,
87 8371 3558 8607 div. Tom. I., sowie im Vorworte zum 6-stimm.
3667 8471 7159 8685 und ein Vergleich derselben mit denen Gabrieli’s
78 8589 3566 8890 Requiem desselben Meisters, das 1874 von mir
3654 8650 7107 8942 fällt nicht zu Ungunsten des Venetianer's aus. *
113 8759 1247 9051 publicirt wurde.
3941 8855 7142 9078 Vielleicht ist es mir vergönnt, über die Ver¬
327 9051 3558 9261 Nr. XVIII. von Giov. Croce ist aus: Sacrae
3680 9073 7146 9282 wendung der Instrumente beim Gesang in jener
61 9213 794 9479 Cantones
885 9234 2084 9487 quinis vocibus
3671 9239 7146 9470 Epoche eine Abhandlung mit Illustrationen in
2280 9239 3558 9483 concinendae tum
83 9435 3410 9662 viva voce, tum etiam omni Instrumentorum genere
3667 9409 7137 9727 einem Jahrgang des Cäcilienkalenders zu ver-
83 9601 1844 9823 cantatu commodissimae.
3671 9601 4521 9910 öffentlichen.
2019 9614 3566 9832 Auctore Joanne a
78 9788 3566 10015 Cruee Clodiensi / In Ecclesia Divi Marci Musices
83 9950 3545 10154 Magister  Cum Privilegio Venetiis Apud Ja¬
3832 9954 7172 10329 *) A. Gabrieli erklärt diese herrlichen Busspsalmen selbst
65 10124 3571 10455 cobum Vincentium. M.CCV. In Bologna findet
3641 10207 4796 10464 für sein Hauptwerk.
