8545 11417
860 724 4087 1036 Die Originalschlüssel des Busspsalmes sind:
878 1023 3073 1418 3 1/3 3 1/2 3 3 1, 3 0.
878 1326 4109 1563 Die Tonlage wurde also um eine kleine Terz
619 1545 4087 1782 erhöht; die Tonart ist transponirt hypojonisch.
869 1743 4096 1945 Der dramatische Ausdruck, die Tonfülle, die
615 1896 4078 2138 Schattirung in der Stimmenvertheilung sind be¬
601 2072 2335 2388 sonders hervorzuheben.
878 2292 4109 2643 Nr. XX. von Jac. Reiner wurde schon von
628 2529 4096 2788 Ottm. Dressler (Nr. 219 des Vereinskataloges)
645 2792 4113 3003 publicirt; allein die Wahl der Schlüssel, und die an
628 2928 4091 3143 vielen Stellen unrichtige Textunterlage veran¬
628 3099 4096 3310 lassten mich, die wirkungsvolle Pieçe nach dem
615 3301 4087 3578 Originaldruck der Proske’schen Bibliothek wieder
615 3530 4087 3736 zu ediren. Das Werk führt den Titel: „Selectæ
632 3648 3964 3876 piaeque cantio¬ nes, sex, septem, octo adjuncta¬
672 3850 4091 4065 que in fine una decem vocum, quae cum vivae
637 4065 3929 4236 voci, tum omnis generis, Instrumentorum Musi¬
615 4236 3947 4425 cis, applicari commodissime (!) possent.
3815 4372 4100 4579 ten
615 4390 3626 4614 Jacobo Reinero, Musicorum in Weingar¬
615 4548 4091 4785 Rectore, summo studio, diligentiaque jam primum
615 4724 3837 4943 compo- sitae, atque in lucem aeditae. (!)
601 4926 4109 5149 Monachii, excudebat Adamus Berg.
628 5092 4091 5294 et privilegio Cæs. Majest. M.D.XCl. Genauere
606 5268 4091 5470 Aufschlüsse über das Leben und die Werke
606 5470 4070 5650 Reiner’s gibt die in den Monatsheften für Musik-
601 5641 4078 5869 geschichte Band 3, Jahrg. 1871 von H. Dresster
597 5861 4061 6027 verfasste Monographie dieses Schüler’s von Or¬
601 5992 4056 6221 lando und bedeutenden württembergischen Kapell¬
597 6177 1264 6440 Meisters.
860 6300 2832 6633 Die Originalschlüssel sind:
2573 6554 3424 6967 3
1804 6677 2037 6971 3
939 6625 1225 7024 P
847 6914 4091 7178 Die Tonlage wurde also um einen Ganzton
584 7103 4056 7353 abwärts transport. Der Text ist dem II. Respon¬
584 7336 4074 7564 sorium der Matutin des Osterfestes entnommen,
593 7476 4048 7691 und wurde daher nach den neuesten Brevier¬
584 7665 4096 7972 ausgaben revidirt, welche nicht Dum sondern
593 7858 2160 8152 Cum transisset lesen.
860 8069 4078 8359 Nr. XXI. von Orlando di Lasso ist aus dem
593 8306 4065 8552 hinlänglich bekannten Werke: „Magnum opus
571 8521 4061 8719 musicum“ (siehe Mus. div. Tom. II. Annus I.
593 8692 4091 8885 der Musica div.) unter Nr. 441, und wird von
601 8885 4074 9096 Proske in folgender Weise charakterisirt: „Dem
584 9061 4070 9276 Inhalt des feierlichen Textes ganz entsprechend,
597 9241 3253 9460 voll Freude in dem heiligen Geiste.“
755 9399 4065 9847 Originalschlüssel: ### 3: 3: 9:
579 9746 4065 10000 um einen Ton abwärts transponirt, modus mi¬
593 9978 4061 10172 xolydius. — Um einen Begriff von der Produc¬
597 10119 4043 10439 tivität des Altmeisters Orlando di Lasso zu er-
4197 738 7687 1067 halten, empfehlen wir den wissbegierigen Cäcili¬
4201 1062 7647 1247 anern das „Chronologische Verzeichniss der ge¬
4210 1190 7696 1396 druckten Werke von Orlandus de Lassus (und
4210 1383 7696 1576 Hans Leo von Hassler), verfasst von Rob. Eitner,
4201 1550 7709 1765 Berlin, Verlag von M. Bahn. 1874.“ Dabei
4201 1725 7722 1949 lassen sich culturhistorische Studien über den
4192 1927 7713 2103 Stand der Gesangskunst von damals und jetzt
4192 2068 5694 2340 schwerlich umgehen.
4465 2292 7722 2494 Das Motett Confirma hoc Deus wurde auch
4219 2436 7704 2748 von Dehn in Lief. XII. der Sammlung älterer
4206 2616 5106 2937 Musik edirt.
4456 2893 7713 3130 Nr. XXII. von Ruggiero Giovanni, dem
4201 3077 7687 3314 Nachfolger Pierluigi’s da Palestrina als Kapell¬
4201 3292 7687 3494 meister von S. Peter, ist aus dem Druckwerke:
4210 3468 7542 3683 Rogerii Jovanellii in Capella Pontificia  Musici
4192 3661 7700 3850 Motecta quinque vocum. Liber II. Nunc primum
4201 3832 7656 4070 in lucem edita. Venetiis, apud Angelum Gar¬
4201 4012 7261 4298 danum 1 604 in 4" in Partitur gebracht.
4456 4166 7704 4421 Die erste Ausgabe dieser Motetten ist vom
4201 4403 7674 4627 Jahre 1598, und findet sich in Bologna. Schwierig
4197 4566 7682 4776 im Vortrag ist das „fastidiésos divites“, das sich
4197 4768 7669 5018 etwas lang hindehnt, aber nur die Wirkung
4192 4978 7647 5176 des herrlichen „Alleluja“ zu erhöhen. Die Into-
4192 5128 7678 5329 nation soll bei gewöhnlicher Chorstimmung einen
4192 5290 7669 5545 halben Ton tiefer stattfinden, bei hoher Stimm¬
4179 5461 7625 5689 ung soll das Motett um einen Ton tiefer ge¬
4184 5676 7656 5869 sungen werden. Der Text ist aus der I. Vesper
4214 5852 7661 6098 (Ant. zum Magnificat) des Fronleichnamsfestes
4192 6019 7590 6291 genommen; das Original sagt „replens bonis“
4175 6212 7564 6427 die corrigirten Breviere haben „reples bonis“
4184 6387 7538 6629 und desshalb wurde letztere Leseart gewählt.
6826 6572 7024 6818 3
4355 6572 6884 6993 Originalschlüssel:
4416 6884 7661 7208 Biographische Notizen siehe in Tom. III.
4175 7094 7138 7349 Annus I. der Musica divina von Proske.
4434 7349 7612 7612 Nr. XXIII. Aus dem Druckwerke: Solemnia
4192 7555 7669 7797 Augustissimi Corporis Christi ln Ss Sacrificio
4179 7775 7634 7999 Missae et in ejusdem festis ac publicis suppli¬
4192 7942 7643 8179 cationibus seu processionibus  cantari solita,
4175 8135 7485 8341 musice composuit R. D. Gregor. Aichinger.
4179 8319 7625 8626 Augustae Vindelicorum apud
4166 8495 5272 8732 rium. 1606.
4447 8596 7678 8894 Biographische Notizen über Gr. Aichinger
4184 8841 7011 9140 finden sich im Tom. II. der Mus. div.
6317 9039 7178 9447 3,3,30
4346 9083 5619 9421 Originalschlüssel:
7169 9052 7384 9443 Dire
5650 9052 6014 9452 3
4179 9368 7652 9698 die Transposition geschah also einen Ton auf¬
4197 9597 4631 9856 wärts.
4443 9684 7678 9970 Das Gleichzeitige dieses Motettes gestattet
4179 9948 7665 10150 einen fein nüancirten Vortrag, Abwechslung zwi¬
4179 10123 7674 10426 schen Solo und Chor; bei den Cadenzen ist
