8507 11455
4493 744 7989 1037 an die Verehrer und Kenner des „Princeps
936 766 4414 1063 besonders auf die Textpausen zu achten, um
4511 1015 7984 1208 Musicae“ die Pflicht heran, durch bibliographische
932 1019 3771 1212 das Herbe der Querstände zu mildern.
4502 1199 7962 1418 Studien und die Aufschlüsse der römischen und
1208 1203 4379 1400 Ambros schreibt Band 3, Seite 561 seiner
4502 1361 7976 1566 der Archive der Stadt Palestrina nicht bloss
954 1391 4397 1592 Musikgeschichte: „Man besinnt sich, ob man
4502 1553 7998 1768 sein Leben und seine Verhältnisse geschichtlich
945 1562 4384 1763 diesem einfachen, bescheidenen und geistig so
4511 1728 7967 1951 darzustellen, sondern auch seinen Bildungsgang
919 1750 4392 1960 reichen, tiefen Regensburger Priester unter den
4511 1951 7971 2139 und sein musikalisches Schaffen in einer Gesammt¬
945 1938 4401 2126 deutschen Meistern jener Zeit nicht etwa kurz
4493 2100 7998 2393 ausgabe seiner Werke vor aller Welt Augen zu
936 2074 3316 2349 und gut die Palme reichen soll.
4515 2288 4952 2494 legen.
1208 2297 4375 2660 Nr. XXIV. steht im ersten Bande der Mo¬
4764 2393 7980 2673 Den Anfang zu dieser Arbeit hat der Unter¬
932 2564 4397 2769 tetten Pierluigi’s da Palestrina, edirt von Theod.
4502 2603 7984 2874 zeichnete dadurch gemacht, dass er im Begriffe
919 2769 4414 2979 de Witt und Rauch, Leipzig bei Breitkopf und
4502 2866 7971 3062 steht, ein thematisch-!hronologisches Verzeich¬
923 2931 4379 3146 Härtel, und wurde nur der nöthigen Transpo¬
4511 3006 7998 3238 niss sämmtlicher authentischer Compositionen des
923 3098 4397 3299 sition in die grosse Terz halber in diesem Hefte
4519 3198 8002 3430 Gioranni Pierluigi zu ediren, dem dann freilich
980 3294 4397 3500 publicirt. Auch Alfredi hat das Motett im VI.
4511 3386 7993 3609 auch eine Gesammtausgabe folgen sollte, wenn
945 3482 4397 3688 Bande der sogenannten Gesammtausgabe Pa¬
4498 3548 8015 3846 sich genug Liebhaber und Gönner fänden, um
932 3658 4410 3863 lestrina's in seiner willkürlichen und fehlerhaften
4528 3728 7004 4042 das Unternehmen zu ermöglichen.
954 3828 1846 4082 Weise edirt.
4742 4012 7998 4235 Zu vorliegenden acht Motetten sind auch
1190 4012 2813 4279 Originalschlüssel sind:
4511 4204 7984 4414 die autographirten Stimmen zu beziehen. Den¬
2502 4218 3531 4528 3,3, etc.
1728 4235 2411 4629 3 3 13
4502 4384 7958 4585 selben sind überdiess die Motetten „Ecce sacér-
1378 4283 1571 4638 mettehti-
4511 4576 7998 4751 dos" 4 voc. von L. Vittoria, und 6 voc. von
1181 4585 4397 4786 Nachdem Dr. W. Ambros am 28. Juni d. J.
4519 4729 7998 4948 Costanzo Porta, der Ps. „Beâti omnes“ 4 voc.
949 4778 4423 4979 gestorben ist, ohne die musikalische Welt mit
4532 4900 7984 5145 von J. Fux, die „Lamentatio III.“ des Char-
945 4935 4397 5154 dem 4. Bande seiner Musikgeschichte zu belehren
4519 5106 7949 5294 samstags 4 voc. von Palestrina nebst dem Respon
936 5149 4419 5355 und zu erfreuen, nachdem also gerade die Epoche
4498 5294 7998 5521 sorium „Plange quasi virgo“ 4 voc. von Lud.
962 5307 4414 5521 „Palestrina“ nur durch das weitschweifige und
4537 5456 7993 5652 Viadana, und der Hymnus „Pange lingua“ 4 voc.
945 5491 4388 5701 über die Jugendgeschichte des Meisters durch
4524 5652 8002 5832 von L. Vittoria beigegeben, da alle diese Numern
928 5652 4414 5911 aus fabelhafte Werk Baini’s aufgeklärt ist, tritt
4519 5828 7998 6033 bei der heurigen 6. General-Versammlung des
1028 5867 4436 6151 *) In meiner Bibliothek sind drei Ausgaben des ersten Buches
4532 6011 7984 6261 deutschen Cäcilien-Vereines in Graz zur Auf¬
936 6077 4419 6261 der Palestrinensischen Motetten von 1569, 1586 und 1590; nach
4511 6178 6212 6479 führung bestimmt sind.
945 6248 3771 6492 diesen wurde das vorliegende in Partitur gebracht.
1654 6602 4012 6996 Regensburg am 1. Juli 1876.
5740 7354 7634 7718 Franz Xaver Haberl,
6099 7669 7411 7980 Domkapellmeister.
3614 8588 5202 8982 o S.d.
